3150 4642
733 235 949 295 ..44-

441 403 637 470 Sacerdos.
1050 405 1231 472 Donatus.

314 516 547 602 Aeschrologia
569 522 620 583 ost
641 517 815 584 verborum

270 628 451 715 turpitudo,
472 650 537 695 uou
557 629 742 697 intellectus

376 748 540 823 comprime
562 748 606 807 sis
628 748 708 808 irem
963 765 1121 809 numerum
1142 764 1210 808 eam
1231 767 1261 810 n.
1284 768 1315 815 a.

271 861 306 920 et
375 861 553 938 errectiqae
575 876 633 922 oro
654 859 798 921 cesenam

272 971 305 1033 et
327 966 440 1036 Cicero

272 1317 375 1371 teneat
416 1327 500 1371 neue
545 1311 685 1372 Metellus
725 1318 817 1372 testes

374 1439 464 1485 meos.

315 1533 405 1598 Inter
431 1533 656 1618 cacenphaton
686 1539 818 1617 ergoet

272 1644 530 1731 aeschrologiam
553 1646 617 1711 hoc
642 1652 708 1727 est,
730 1646 819 1731 quod

274 1758 500 1844 cacenphaton
535 1758 680 1825 honestis
709 1759 818 1825 verbis

273 1877 403 1956 turpem
427 1871 722 1952 eontinetsensum‚
747 1892 818 1937 aes·
1035 1879 1146 1953 arripe
1166 1894 1196 1937 e.
1217 1876 1251 1936 P.

274 1982 443 2067 chrologia
455 2004 534 2050 vero
548 1982 697 2049 obscenis
708 1983 818 2049 verbis

273 2095 447 2162 honestum
485 2095 639 2181 exprimit
671 2095 817 2162 intellec-

272 2213 351 2273 tum.

317 2320 528 2388 Pleouasmus
549 2327 600 2387 est
614 2324 710 2389 unius
725 2322 816 2389 verbi
913 2322 1122 2389 Pleouasmoe
1130 2328 1181 2389 est
1188 2321 1329 2389 adiectio
1340 2344 1413 2388 ver·

272 2433 414 2499 adiectio
437 2434 577 2519 amplius
595 2455 694 2518 quam
717 2436 819 2520 exigit
870 2435 905 2501 bi
933 2436 1127 2521 supervacui
1149 2435 1192 2501 ad
1216 2436 1345 2521 plenam
1370 2435 1412 2499 si-

273 2568 395 2627 seusus,
418 2551 455 2611 ut
871 2546 1119 2633 gnificationem,
1139 2553 1177 2614 ut

387 2664 433 2724 sic
455 2683 510 2727 ore
531 2668 633 2728 locato
653 2674 699 2728 est
982 2665 1029 2726 sic
1050 2682 1105 2726 ore
1127 2666 1229 2726 locuto
1251 2672 1297 2724 cst

869 2795 930 2858 pro
953 2772 1001 2839 sic
1022 2772 1133 2839 locuta
1155 2775 1213 2838 est.

317 2996 535 3082 Perissologia
564 3003 614 3064 eet
640 2998 817 3064 multorum
913 2997 1131 3082 Perissologia
1144 3002 1195 3064 est
1210 3019 1414 3083 supervacua

273 3109 818 3196 verborumadsensumexprimeu·
869 3110 1044 3177 verborum
1075 3109 1217 3177 adiectio
1247 3110 1315 3175 siue
1345 3108 1414 3174 ulla

275 3221 819 3307 dumsupervacuaadieotiautest
870 3224 1041 3302 virerum,
1062 3227 1101 3288 ut

335 3339 421 3399 ibant
444 3357 505 3415 qao
520 3356 555 3416 p.
565 3358 593 3416 q.
606 3358 635 3402 n.
643 3357 678 3417 p.
693 3359 722 3403 n.
736 3342 755 3401 i.
913 3340 998 3401 itant
1020 3357 1101 3416 quoe
1116 3356 1151 3415 p.
1167 3358 1195 3415 q.
1211 3357 1241 3400 n.
1252 3355 1287 3414 p.
1305 3357 1335 3401 n.
1349 3340 1368 3400 i.

318 3671 519 3756 Macrotogia
534 3678 584 3738 eet
599 3673 706 3738 oratio
720 3672 819 3757 longa
913 3671 1114 3757 Maorologia
1143 3677 1195 3739 est
1220 3671 1319 3755 longa
1341 3694 1413 3737 seu-

276 3787 346 3849 sine
370 3783 469 3863 cultu,
491 3790 529 3849 ut
550 3790 601 3851 est
829 3802 834 3813 ·
870 3785 974 3851 tentia
1011 3805 1066 3849 res
1101 3804 1167 3848 nou
1211 3785 1413 3850 necessarias

871 3895 1157 3982 comprehendens,
1179 3901 1217 3961 ut

308 4238 404 4306 retro,
426 4235 510 4296 enee
530 4241 680 4298 venerant
701 4280 787 4296 .....
893 4236 1004 4312 hepati
1026 4252 1086 4297 non
1109 4235 1275 4311 impetrata
1300 4280 1393 4300 .....
