3150 4642
628 242 846 337 -3-29—

163 411 225 474 bus
272 409 429 473 coaluisse
473 408 711 473 Kummrowius
754 407 837 471 falso
876 409 1027 491 opinatus
1071 413 1136 487 ost,
1180 410 1299 491 optime

165 520 445 587 coniunctionibus
475 520 677 604 interpositis
707 520 795 595 inter
822 541 857 584 se
881 520 1072 585 coniunctae
1095 530 1185 599 sunt,
1213 520 1300 603 quod

164 634 259 699 nobis
290 639 516 718 argumentum
546 631 700 717 praebuit
728 654 827 697 unum
858 637 986 696 tantum
1015 632 1148 697 subesse
1178 632 1300 697 fontem

165 746 348 827 statuendi;
372 767 430 812 eae
452 767 538 826 vcro,
561 766 643 828 quas
661 744 792 810 aliunde
813 745 1001 828 desumptas
1023 765 1092 809 csse
1111 744 1301 828 apparebat,

165 860 229 925 alio
251 859 347 923 modo
370 860 419 924 ita
442 858 611 942 adpositae
633 862 724 937 sunt,
746 862 784 921 ut
807 857 917 922 statim
941 857 1143 922 extrinsecus
1165 878 1221 922 eas
1244 856 1301 921 ad·

165 972 250 1037 ditas
279 991 349 1036 esse
379 971 587 1055 perspicuum
610 970 661 1035 sit.
705 970 796 1048 Quae
823 971 984 1034 sententia
1004 969 1121 1053 capitis
1152 969 1301 1034 devitiis

165 1084 323 1149 orationis
346 1082 602 1148 conformatione
632 1082 752 1165 optime
782 1082 972 1161 adiuvatur,
1002 1082 1036 1145 in
1065 1102 1130 1164 quo
1152 1080 1259 1146 fontes
1282 1103 1302 1146 a

165 1195 321 1261 Diomede
359 1195 571 1260 contaminati
607 1194 696 1258 nullo
735 1193 863 1258 vinculo
899 1195 1062 1258 coniuncti
1099 1193 1300 1260 exhibentur.

165 1308 256 1374 Unus
284 1313 412 1373 tantum
440 1309 531 1374 locus
566 1312 617 1372 est
646 1306 775 1391 (titulus
806 1307 845 1371 de
877 1307 1093 1391 acyrologia),
1129 1306 1186 1371 uhi
1218 1308 1302 1372 inter

165 1422 307 1504 priorem
337 1419 556 1505 definitionem
592 1427 625 1484 et
654 1420 768 1484 Scauri
798 1420 885 1500 „vel“
916 1419 1079 1503 particula
1107 1420 1302 1503 interposita

166 1540 230 1614 est3
259 1533 393 1616 reliquis
423 1533 547 1597 nullum
578 1538 669 1597 extat
694 1532 858 1596 vinculum
881 1531 957 1614 (vid.
981 1552 1029 1595 ex.
1053 1552 1099 1615 gr.
1121 1532 1172 1596 tit.
1195 1532 1235 1597 de
1257 1533 1302 1597 el·

165 1647 240 1730 lipsi
263 1652 379 1736 451119
402 1645 442 1709 de
465 1644 690 1727 aeschrologia
713 1646 852 1723 450,32).
1219 1712 1223 1721 ,

269 1758 377 1840 Atque
399 1757 462 1820 hoc
481 1758 621 1840 primum
641 1756 755 1835 elucet,
780 1756 867 1838 quod
889 1757 953 1820 iam
977 1762 1074 1821 antea
1096 1756 1303 1822 adumbravi-

165 1893 252 1950 mus,
280 1869 381 1934 verba
409 1869 493 1933 initii
515 1869 632 1952 capitis
660 1870 767 1953 (449,5
781 1871 843 1952 sq.)
866 1868 989 1934 Scauro
1017 1868 1193 1934 tribuenda
1222 1891 1301 1951 1111.

167 1983 249 2047 Nam
274 1983 417 2047 omnium
438 1982 723 2064 grammaticorum
750 1981 839 2046 solus
861 1982 898 2060 is,
923 1981 1057 2075 (11111111
1079 1982 1180 2047 verba
1202 1984 1303 2067 scrip-

166 2097 228 2175 sit,
267 2096 415 2177 aenigma
450 2101 484 2159 11
513 2094 706 2158 cacozeliam
746 2094 832 2158 inter
860 2094 939 2157 vitia
974 2095 1131 2159 orationis
1167 2095 1303 2174 rettulit,

167 2208 359 2289 aenigmatis
398 2212 507 2271 autem
539 2211 573 2270 11
605 2205 784 2270 cacozeliae
813 2205 1017 2270 definitiones
1047 2227 1064 2270 c
1094 2207 1218 2272 Scauro
1248 2207 1303 2272 de-

167 2324 315 2403 sumptae
353 2325 436 2384 sunt.
488 2319 639 2401 ltaque
676 2316 769 2382 fons
803 2317 877 2381 ille
907 2318 1233 2396 Quintiliancus
1260 2355 1304 2367 -—

166 2454 256 2497 nam
299 2431 563 2511 Quintiliani
608 2431 847 2495 doctrinam
888 2429 968 2495 1111
1004 2433 1228 2515 resapiunt
1261 2471 1304 2481 -

167 2566 286 2635 quem
324 2544 626 2609 Kummrowius
663 2564 681 2607 c
718 2543 861 2626 capite
904 2542 950 2607 de
991 2546 1303 2629 compositione

167 2656 428 2736 enucleavit,
452 2677 566 2738 quem
588 2654 693 2719 idem
715 2655 757 2719 in
779 2657 920 2738 capite
943 2655 991 2720 de
1015 2656 1304 2723 schematibus

167 2769 412 2835 adhibitum
434 2789 527 2834 esse
550 2768 876 2847 demonstravit,
906 2767 1088 2833 Scaurus
1110 2769 1202 2834 fuit.
1247 2770 1304 2833 At·

167 2902 230 2964 que
254 2902 327 2945 cnm
342 2881 576 2960 Quintilianum
598 2881 632 2943 in
656 2881 878 2963 grammaticis
892 2881 1132 2946 institutionum
1154 2881 1304 2964 partibus

167 2993 372 3058 Palaemonis
410 2998 481 3058 arte
520 3015 614 3057 usum
651 3014 721 3058 esse
759 2995 845 3058 inter
888 2993 974 3058 viros
1012 2993 1125 3058 doctos
1169 3000 1304 3074 constet,

168 3107 369 3170 Scaurum
407 3104 678 3168 Palaemonis
718 3103 945 3168 doctrinae
989 3107 1196 3170 rationem
1232 3106 1304 3171 ha-

167 3217 317 3281 buisse
338 3237 495 3281 censeo.
538 3215 630 3294 Quod
650 3216 770 3298 optime
791 3215 826 3278 in
840 3221 1022 3300 temporum
1042 3218 1203 3282 rationem
1224 3240 1305 3301 qua-

168 3329 251 3394 drat.
302 3329 386 3393 Nam
416 3349 488 3393 oum
516 3327 691 3392 Palaemon
719 3327 778 3392 sub
806 3327 953 3408 Tiberio,
986 3328 1128 3394 Scaurus
1155 3330 1215 3395 sub
1239 3308 1329 3396 Ha(

168 3442 283 3506 driano
305 3440 504 3524 imperatore
527 3440 692 3522 floruerit,
721 3446 973 3507 consentaneum
995 3447 1061 3522 est,
1092 3443 1249 3509 Scaurum
1272 3445 1305 3508 111

168 3559 239 3619 1111
271 3574 331 3619 sua
362 3553 596 3619 conscribenda
627 3574 700 3618 curn
728 3554 927 3639 respexisse,
957 3557 1013 3637 qui
1042 3561 1121 3621 tunc
1150 3558 1305 3641 temporis

169 3668 254 3730 inter
276 3665 506 3748 grammaticos
528 3664 747 3731 nobilissimus
771 3672 865 3732 esset.

271 3777 355 3842 Nam
385 3799 425 3842 na
453 3777 569 3842 Scauri
596 3782 629 3842 et
651 3778 842 3856 Quintiliani
871 3778 1128 3864 disputationum
1157 3781 1305 3845 similitu-

168 3890 277 3954 dinem
298 3890 351 3954 ita
364 3890 532 3973 explicem,
554 3889 700 3954 utillum
721 3891 819 3955 huius
843 3891 1100 3957 institutionibus
1118 3915 1212 3957 usum
1235 3913 1305 3958 1111

169 4001 363 4067 contendam
387 4000 514 4066 duobus
541 4002 700 4085 impedior
722 4005 930 4086 argumentis.
974 4005 1118 4069 Primum
1141 4005 1224 4068 enirn
1248 4026 1307 4088 per

169 4135 203 4179 11
226 4112 433 4178 verisimilius
458 4118 516 4191 est,
539 4113 695 4178 Scaurum
719 4114 752 4177 in
770 4121 842 4178 arte
857 4116 1071 4197 grammatica
1085 4117 1307 4199 componenda

169 4227 212 4292 ad
242 4226 506 4309 grammaticum,
544 4246 607 4289 non
639 4226 681 4290 ad
710 4226 875 4290 rhetorem
907 4226 1105 4310 confugisse,
1139 4229 1255 4294 deiude
1287 4251 1307 4294 a
