3150 4642
657 247 872 310 ..47-

254 461 259 465 -
362 417 586 495 Diomedes„

195 528 249 593 hic
271 529 356 594 enim
378 549 443 594 non
459 533 591 594 tantum
610 527 738 613 pondus

195 661 259 706 non
281 640 402 707 adiecit
416 641 607 706 sententiae
634 640 737 724 longi-

195 754 284 835 tudo,
308 754 366 818 sed
378 755 483 838 magis
500 753 737 823 decoremabs·

196 866 280 931 tulit.

154 967 157 972 ¹
238 978 432 1063 Tautclcgia
448 984 498 1045 θεῖ
511 979 655 1045 eiusdem
671 979 738 1043 dic-

194 1092 293 1156 tionis
384 1093 418 1156 in
439 1092 553 1157 eadem
576 1093 738 1157 sententia

197 1224 400 1288 supervacua
421 1206 584 1289 repetitio,
602 1210 641 1269 ut
660 1209 725 1269 est:

266 1325 357 1398 fletus·
379 1322 577 1382 lacrimarum
594 1326 621 1398 f.
634 1325 661 1397 f.

196 1437 229 1496 et
266 1434 393 1513 egomet
421 1430 506 1513 ipse,
544 1451 618 1495 cum
648 1429 737 1494 suffi-

196 1548 285 1608 ceret
307 1562 377 1626 ege.

238 1655 371 1739 Ellipsis
394 1659 445 1720 est
462 1655 648 1720 necessaria
670 1653 737 1718 dic·

195 1769 284 1832 tione
306 1767 461 1832 fraudata
484 1767 659 1846 sententia,
683 1766 738 1831 de·

195 1880 300 1945 fectus
316 1878 738 1963 quidamneceesariaedic·

194 1993 307 2072 tionis,
332 2013 430 2075 quam
453 1991 619 2057 desiderat
643 2012 737 2075 prae·

196 2105 264 2169 cisa
286 2105 456 2185 sententia,
474 2109 516 2169 ut
539 2109 589 2169 θεῖ

275 2222 369 2281 terris
389 2222 523 2282 iactatus
546 2227 576 2280 et
597 2222 658 2281 ulto

197 2350 270 2393 cum
291 2328 376 2395 desit
396 2329 430 2394 in
451 2329 658 2414 praeposit03

241 2441 330 2506 item

265 2558 387 2618 Italiam
403 2562 474 2635 foto
490 2561 658 2634 prosaque.

195 2665 216 2729 i.
232 2686 258 2730 θ.
282 2666 324 2731 ad
346 2666 485 2731 Italiam.
536 2657 538 2659 ’

239 2777 410 2862 Tapinosis
433 2784 484 2843 θεῖ
506 2784 621 2844 contra
636 2778 739 2861 digni-

196 2895 299 2955 tatem
313 2911 451 2975 magnae
468 2891 516 2956 rei
529 2890 661 2957 humilis
685 2912 739 2955 ex·

195 3003 324 3087 positio,
348 3008 385 3070 ut
407 3010 458 3069 est

249 3234 388 3294 marcido
412 3235 478 3294 dies
499 3235 563 3295 sole
578 3234 689 3309 pollet,

197 3362 270 3407 cum
307 3346 477 3407 marceant
509 3347 642 3406 terrena
674 3362 739 3406 non

196 3453 410 3536 immortalia;
434 3458 468 3518 θῖ
483 3453 571 3538 apud
586 3453 739 3520 Flaccum

197 3570 325 3631 Pelidae
362 3572 548 3631 stomachum
584 3588 644 3651 pro
674 3568 739 3648 ira3

197 3678 378 3762 Vergilius:
407 3684 506 3744 Multo
527 3685 625 3744 molus
647 3684 739 3744 nma-

197 3796 267 3855 lons
288 3812 348 3875 pro
371 3791 536 3857 scelestus.

240 3903 499 3989 Cacosyntheton
523 3909 573 3969 est
586 3904 739 3969 indecens

197 4021 364 4081 structura
385 4016 558 4082 verborum
581 4022 618 4082 ut
640 4022 707 4082 est:

238 4150 390 4208 versuque
411 4135 569 4194 iuvencum
596 4134 697 4210 Terqa

234 4246 407 4323 falleremus
429 4247 528 4307 tosto.

371 866 373 872 ·
402 872 519 947 leone
733 883 747 939 ὴ

962 417 1169 482 Charisius.

790 528 914 594 nullum
937 529 1172 613 enimpcndus
1278 588 1282 593 .

859 642 981 708 adiecit
1013 642 1193 708 sententiae
1229 641 1332 725 longi÷

790 756 879 836 tudo,
904 756 961 820 sed
975 757 1079 839 magis
1091 755 1241 821 decorem
1258 754 1333 821 abs÷

790 870 875 935 tulit.

834 980 1028 1063 Tautologia
1050 985 1100 1045 est
1124 980 1268 1046 eiusdem
1282 980 1333 1045 vel

790 1094 876 1159 idem
904 1092 1117 1177 significantis
1150 1092 1242 1157 verbi
1272 1093 1333 1156 ite·

791 1207 876 1271 ratio
921 1211 974 1271 ut:

876 1437 1005 1515 egomet
1027 1432 1107 1516 ipse.

833 1655 964 1739 Ellipsis
988 1632 1038 1720 θεῖ
1059 1656 1220 1720 sententia
1232 1655 1332 1719 verbo

791 1770 896 1832 minor
918 1789 1017 1851 quam
1037 1787 1169 1833 neeesse
1188 1772 1246 1846 θεῖ,
1269 1767 1332 1831 sal-

790 1902 831 1945 va
859 1887 969 1945 tamen
1000 1880 1231 1965 compositione
1261 1899 1332 1943 ver·
1381 1966 1383 1969 v

790 1993 916 2073 borum,
938 1999 975 2058 ut
996 2014 1055 2078 per
1078 1998 1128 2058 est
1229 2071 1230 2075 Ἰ

876 2112 908 2169 in
928 2111 1027 2170 medio
1048 2110 1179 2169 victorio
1194 2114 1291 2184 ponto

792 2224 824 2282 θῖ
878 2223 939 2282 ium
961 2223 1065 2282 Donat
1087 2222 1148 2280 uisi
1169 2225 1313 2297 reserant

791 2352 864 2415 pro:
888 2330 979 2395 nesi
1003 2329 1134 2414 quidem
1157 2328 1311 2393 referunt.

834 2780 1005 2865 Tapincsis
1027 2787 1078 2845 est

894 2893 942 2958 rei
963 2914 1101 2977 magnae
1123 2892 1255 2958 humilis
1279 2911 1333 2955 ex·

790 3006 910 3091 positio

972 3347 1010 3406 ut
1041 3341 1129 3425 apud
1159 3340 1333 3406 Horatium

1180 3453 1334 3520 Flaccum

792 3575 919 3635 Pelidae
940 3574 1125 3633 stomachum
1149 3588 1174 3632 c.
1199 3588 1245 3647 n.;
1275 3567 1335 3631 hu·

791 3681 911 3747 militer
933 3680 1019 3746 enim
1030 3678 1233 3746 stomachum
1253 3679 1336 3744 dixit

791 3815 852 3879 pro
873 3795 932 3858 ira.

836 3904 1094 3989 Cacosyntheton
1116 3909 1167 3969 θεῖ
1181 3903 1334 3969 indecens

793 4025 959 4085 structura
980 4017 1154 4082 verborum
1181 4017 1257 4082 talis
1280 4023 1334 4081 ut:

835 4150 985 4209 versoque
1006 4134 1165 4194 iuvencum
1191 4134 1293 4210 Tereo

830 4249 1003 4324 fateamur
1025 4247 1125 4307 hasta.
