3150 4642
725 204 941 263 ...66-

323 370 559 426 Comininnus.
945 370 1114 424 Donatus.

263 481 496 632 Siliidieffiliil.
514 564 539 629 7,
558 562 600 615 22.
705 540 709 549 ’
1039 543 1067 611 ὁ)
1085 555 1136 609 ρετ
1154 554 1244 595 cesus.

261 652 288 718 9)
307 665 358 719 por
375 664 518 719 personas.
1074 628 1142 682 Aen.
1164 626 1185 681 1.
1204 626 1264 680 573.

261 752 365 804 vosque
383 736 456 791 lares
1038 715 1064 784 9)
1084 730 1135 783 per
1152 728 1295 783 personas.

264 825 306 893 10)
324 838 375 891 per
392 824 495 881 modo&
1038 801 1135 869 Dauni,
1156 799 1203 868 qui
1221 807 1319 867 parent

297 914 364 965 Aen.
383 911 432 967 xl.
453 913 510 965 112.
1038 887 1066 956 6)
1086 901 1137 955 per
1155 885 1258 942 modos.

1038 973 1146 1041 (incerti
1164 974 1287 1028 auctoris
1311 987 1408 1027 exem·

1037 1059 1131 1128 plum.)

264 1174 305 1244 11)
324 1187 374 1242 per
390 1181 525 1241 tempore.
1037 1147 1064 1215 8)
1082 1161 1132 1215 per
1149 1151 1281 1215 tempora

296 1261 363 1314 Aen.
385 1259 435 1312 111.
453 1261 478 1312 2.
1073 1235 1140 1287 Aen.
1159 1233 1207 1287 111.
1226 1236 1252 1287 2.

263 1348 306 1414 12)
324 1362 373 1416 per
392 1346 587 1416 comperntion
649 1339 675 1406 4)
694 1352 744 1406 per
764 1347 914 1407 comparet.

295 1434 365 1487 Aen.
385 1433 430 1487 Ν.
451 1435 510 1488 576.
684 1424 754 1478 nnn.
776 1424 796 1477 1.
815 1427 858 1478 65.

263 1521 306 1589 13)
321 1535 374 1588 por
392 1519 515 1576 ordinem
533 1523 603 1577 coni,
1039 1510 1080 1578 12)
1098 1525 1149 1579 per
1167 1509 1384 1565 coniunctiones.

1071 1597 1140 1650 Aen.
1162 1596 1198 1652 ΙΙ.
1216 1598 1259 1650 37.

261 1701 360 1750 autem.
1037 1681 1097 1737 fieri
1115 1689 1204 1737 autem
1224 1698 1279 1737 nou
1298 1682 1389 1737 debet.

1036 1772 1063 1835 7)
1087 1784 1137 1837 per
1163 1768 1381 1838 significationes

1035 1857 1141 1912 verbor.

1069 1942 1191 2001 Enninst
1207 1942 1253 2012 (2).

262 2065 308 2127 Ao
331 2083 372 2126 ne
395 2063 467 2145 quis
490 2062 587 2144 dieat,
609 2064 770 2131 Donatum
795 2066 910 2131 bacin
933 2067 1050 2152 eapitis
1066 2072 1161 2150 parte
1184 2064 1283 2130 alium
1306 2066 1399 2148 sequi

261 2180 435 2240 auctorem.
470 2175 554 2240 Nam
572 2197 643 2241 eum
666 2179 729 2243 iam
750 2199 810 2262 per
825 2201 859 2243 se
877 2179 1050 2244 verisimile
1066 2199 1129 2243 non
1149 2169 1211 2260 sit,
1224 2177 1410 2258 Donatum,

261 2293 298 2352 ut
327 2299 458 2366 propter
486 2294 694 2368 compendium
724 2297 856 2370 exempli
893 2313 990 2357 coare
1015 2311 1180 2370 perpauco
1213 2301 1400 2355 rooostroret

260 2399 370 2484 plures
392 2399 499 2465 fontes
513 2401 701 2485 inspexisse,
725 2424 863 2487 cumque
882 2403 924 2467 ad
940 2403 1021 2469 illud
1036 2423 1202 2484 perpauco
1224 2402 1398 2486 respicien-

260 2518 310 2577 tes
332 2518 399 2576 tres
423 2511 472 2575 vel
503 2518 660 2595 quattuor
690 2515 898 2580 soloecismos
921 2519 1146 2599 expectemus,
1176 2514 1275 2578 etiem
1298 2512 1398 2579 verba

259 2624 335 2688 inde
358 2645 472 2708 apag.
497 2629 559 2690 394
582 2646 654 2693 eam
676 2627 817 2710 speciem
839 2627 1015 2711 praebent,
1044 2632 1083 2691 ut
1110 2625 1206 2691 facile
1235 2625 1276 2691 de
1297 2627 1398 2690 inter-

259 2737 418 2820 polatoris
446 2758 544 2802 manu
580 2738 711 2821 cogites.
761 2739 845 2804 Nam
875 2740 1018 2823 primum
1053 2738 1155 2804 codex
1186 2738 1208 2803 S
1244 2737 1399 2802 nonnulla

261 2849 383 2928 omisit,
416 2868 500 2932 quae
521 2848 676 2915 librarius
704 2852 813 2915 neseio
844 2852 916 2934 quis
943 2850 1030 2916 mala
1055 2849 1210 2915 facundie
1232 2849 1398 2914 addidisse

260 2962 389 3026 videtur
415 2959 490 3045 (vid.
513 2959 611 3027 Keilii
641 2983 713 3027 ann.
743 2963 784 3028 ad
814 2968 906 3043 394st
924 2965 1017 3048 sqq).
1061 2963 1186 3028 Deinde
1207 2984 1280 3027 cum
1300 2946 1399 3026 antea

260 3074 430 3153 lemmata,
453 3079 491 3138 ub
511 3074 559 3140 ita
581 3074 705 3154 dicam,
727 3077 776 3140 ita
797 3076 862 3141 sint
884 3075 1104 3154 conformate,
1126 3080 1164 3139 ut
1185 3076 1290 3159 primo
1313 3075 1398 3138 acci·

261 3187 340 3251 deus
367 3187 455 3271 parti
479 3187 634 3252 orationis
657 3188 855 3267 nominetur,
885 3187 960 3252 inde
992 3209 1012 3252 e
1039 3193 1134 3267 394,4
1156 3192 1283 3252 tantum
1305 3188 1398 3269 ipsae

261 3299 417 3363 orationis
439 3305 552 3384 partes
569 3305 781 3364 enarrantur:
798 3322 861 3378 per
883 3304 1041 3377 odorerbio,
1058 3320 1121 3379 per
1137 3305 1397 3380 praepositiones,

259 3411 316 3475 rel.
362 3411 509 3494 Denique
539 3411 579 3476 de
603 3411 766 3477 adverbiis
798 3418 831 3477 et
859 3412 1156 3497 praepositionibus
1185 3413 1333 3477 Donatus
1363 3411 1397 3474 in

261 3524 373 3588 eodem
401 3524 507 3608 capite
530 3525 573 3607 (p.
597 3525 901 3610 393,21-24)iam
925 3525 1008 3607 egit,
1034 3526 1082 3588 ita
1109 3529 1146 3589 ut
1168 3523 1295 3589 duobus
1317 3523 1397 3587 locis
1427 3562 1430 3566 2

259 3637 345 3701 idem
366 3636 537 3720 proferret,
563 3657 635 3701 cum
657 3637 885 3716 „brevissimus
900 3642 1036 3721 propter
1059 3635 1304 3720 compendium‘
1325 3656 1396 3699 esse

259 3748 322 3813 eibi
343 3749 575 3832 proposuisset.

362 3862 431 3925 Iem
453 3860 581 3944 pridem
596 3866 704 3926 autem
726 3859 787 3926 has
809 3861 1077 3945 interpolationes
1100 3860 1206 3926 factas
1228 3881 1299 3926 esee
1320 3859 1396 3924 iude

259 3973 498 4055 cognoscimus,
545 3973 632 4057 quod
669 3973 979 4039 commentatoribus
1017 3973 1131 4038 eadem
1171 3975 1252 4038 artis
1287 3973 1395 4037 Dona·

258 4085 368 4149 tianae
389 4084 494 4148 forma
515 4087 548 4149 in
569 4086 719 4150 manibus
736 4086 799 4150 fuit
817 4086 870 4169 (cf.
889 4085 1020 4168 Sergius
1045 4086 1183 4169 564,10).
1228 4083 1395 4149 Habemus

259 4201 368 4259 autem
390 4196 609 4261 testimonium
631 4196 708 4260 hoc:
737 4196 834 4291 (Keib
859 4196 920 4260 rol.
944 4198 987 4274 V,
1019 4200 1110 4280 325):
1140 4203 1259 4261 Artium
1283 4201 1396 4259 Donati
