3150 4642
666 253 879 317 ..33..

202 423 307 506 primo
330 422 497 488 oculorum
518 422 636 489 obtutu
651 428 798 505 apparet.
844 426 934 501 Quae
957 424 1045 509 apud
1061 424 1250 499 Diomedem
1265 425 1341 491 inde
1419 442 1421 444 ’

203 556 224 600 a
246 539 362 615 orlaa
392 535 548 618 leguntur
579 534 754 601 maximam
784 539 912 619 partem
934 556 974 600 ex
996 535 1061 601 alio
1090 537 1179 602 fonte
1200 538 1341 618 fluxisse,

203 648 259 731 qui
282 652 371 713 certe
401 667 465 717 nou
489 645 628 712 Charisii
650 667 829 732 anonymus
850 647 960 728 fuerit,
980 646 1191 714 Kummrowii
1213 655 1341 716 senten·

174 761 250 825 -tia
274 759 354 824 mihi
381 758 510 825 videtur
541 780 636 824 esse«
665 760 819 825 Attamen
848 760 912 825 hae
939 761 1156 827 ratiocinandi
1185 762 1238 827 via
1265 784 1346 849 pro·¹

203 894 334 957 gressus
356 893 426 938 rem
439 893 502 938 non
518 871 667 937 absolvit.
706 873 797 951 Quae
819 873 903 937 enim
916 872 1090 940 Diomedes
1112 895 1143 958 p.
1165 880 1340 959 451‚33sq.

201 985 312 1066 habet,
334 1005 533 1069 quamquam
550 984 770 1051 aGominiano
785 984 952 1066 recedunt,
975 990 1085 1051 tamen
1098 986 1340 1053 similitudinem

202 1097 366 1182 quandam
398 1097 467 1163 eius
495 1096 688 1179 ostendunt3
724 1117 784 1181 per
813 1118 847 1162 se
873 1097 974 1181 igitur
1004 1098 1170 1164 reicienda
1196 1120 1260 1164 non
1291 1106 1341 1165 est

202 1210 312 1296 opinio
327 1209 517 1276 Diomedem
539 1231 603 1277 non
622 1211 728 1295 ipsum
746 1210 969 1276 Cominianum
992 1210 1050 1276 scd
1067 1215 1242 1295 utrumque
1263 1234 1341 1278 eun·

202 1325 276 1390 dem
300 1329 447 1390 secutum
470 1344 541 1389 esse
565 1322 706 1401 fontem,
735 1344 831 1406 quem
852 1323 962 1407 priore
983 1328 1078 1407 parte
1100 1329 1238 1408 uterque
1260 1325 1340 1391 inte-

200 1458 296 1521 grum
317 1437 503 1515 servaverit,
526 1437 707 1521 posteriore
729 1435 936 1502 (dominianus
958 1435 1153 1502 brevitatem
1174 1442 1340 1521 appetem,

201 1548 377 1615 Diomedes
400 1548 540 1614 alterum
561 1548 734 1614 inserendo
756 1548 941 1612 mutaverit.

307 1661 420 1745 Neque
442 1660 549 1726 minus
569 1660 640 1726 fiori
660 1659 777 1745 potuit,
797 1664 835 1725 ut
849 1644 1057 1726 dominianus
1080 1661 1162 1726 duos
1184 1663 1340 1728 contami·

201 1779 298 1840 naret
325 1775 359 1840 in
391 1774 453 1839 hoc
478 1773 589 1858 eapite
621 1771 855 1840 conscribendo
882 1773 997 1838 fontes.
1041 1773 1124 1839 Nam
1157 1775 1238 1839 alios
1267 1776 1340 1840 aliis

199 1888 280 1953 locis
309 1907 383 1952 eum
408 1892 555 1953 secutum
585 1907 656 1952 esse
685 1885 792 1952 fontes
815 1907 855 1950 ex
876 1884 939 1950 hoc
961 1886 1109 1971 exemplo
1131 1887 1340 1971 perspicuum

199 1999 274 2067 fiet:
302 1999 442 2084 paginae
471 2000 554 2066 enim
588 2006 649 2066 180
680 2019 762 2064 vers.
788 2002 828 2065 26
852 1998 938 2063 inter
960 2000 1143 2065 accidentia
1164 2000 1339 2084 participio

203 2116 395 2178 numeratur
417 2111 567 2195 qualitas.
613 2111 761 2190 Qualitas
790 2115 899 2175 autem
926 2111 1014 2194 apud
1036 2112 1180 2195 reliquos
1201 2112 1340 2178 Charisii

201 2230 353 2290 auctores
375 2223 411 2289 id
433 2222 611 2308 significat,
638 2220 725 2306 quod
748 2243 807 2288 nos
829 2222 959 2288 modum
982 2224 1149 2309 appellare
1172 2226 1339 2290 consuevi-

200 2359 272 2403 mus
289 2336 344 2421 (of.
369 2340 499 2417 164,16;
524 2341 657 2417 qualitas
679 2340 840 2400 verinum
859 2345 914 2400 ont
932 2341 1022 2412 finita
1039 2347 1084 2401 cst
1100 2347 1155 2401 ont
1175 2342 1294 2414 infinito
1312 2359 1338 2402 e.

205 2471 235 2533 q.
259 2450 329 2533 sq).
374 2450 418 2515 At
442 2449 506 2514 hac
525 2450 656 2515 notione
680 2448 822 2530 qualitas
845 2469 865 2512 a
887 2447 1075 2514 Cominiano
1097 2449 1246 2516 adhibita
1268 2471 1339 2516 esse

203 2583 268 2627 non
290 2566 415 2647 potest,
443 2583 516 2627 oum
540 2561 750 2653 participium
780 2581 908 2644 semper
928 2560 1074 2627 infinitae
1097 2562 1265 2645 qualitatis
1288 2564 1338 2628 sit.

205 2674 296 2740 Haec
317 2675 418 2758 igitur
440 2674 583 2759 qualitas
604 2673 778 2759 participio
799 2694 864 2739 non
887 2674 1022 2755 accidit;
1053 2695 1093 2740 ea
1111 2694 1188 2740 vero
1211 2675 1339 2755 accidit,
1434 2687 1440 2699 ’

201 2808 299 2871 quam
329 2787 417 2873 apud
439 2787 629 2853 Diomedem
657 2787 705 2852 ita
734 2785 902 2852 definitam
924 2786 1061 2869 legimus
1089 2787 1233 2871 (eoam)
1263 2809 1337 2867 quo-

202 2904 304 2964 litates
325 2904 484 2965 sertorum
506 2905 676 2965 santiae:
709 2904 848 2964 absolata
870 2904 934 2963 siue
958 2907 1122 2979 perfecto,
1155 2905 1338 2977 inchoativa,

200 3017 343 3077 iteratiuo
371 3017 434 3081 sive
460 3016 694 3092 frequentativa
724 3034 750 3077 e.
780 3034 810 3095 q.
843 3034 866 3076 a.
911 3011 1005 3076 Hanc
1035 3011 1120 3076 euim
1146 3013 1339 3095 qualitatem

203 3124 377 3209 participio
406 3123 556 3190 accidere
581 3124 755 3189 Diomedes
788 3124 821 3188 in
851 3123 1072 3207 disputatione
1102 3124 1142 3188 de
1163 3125 1338 3208 participio

202 3256 275 3302 eum
299 3236 480 3302 Cominiani
510 3257 608 3320 saepe
638 3236 680 3301 ad
706 3235 841 3301 verbum
871 3240 1067 3319 congruente
1089 3235 1169 3302 dicit
1190 3236 1244 3321 (cf.
1265 3244 1338 3317 401,

205 3350 267 3433 19).
313 3350 420 3428 Quare
437 3349 535 3415 etiam
558 3348 645 3432 apud
659 3348 883 3414 Cominianum
903 3347 989 3413 hunc
1011 3348 1075 3412 vim
1090 3347 1212 3415 habere
1235 3350 1338 3433 quali·

201 3465 303 3527 tatem
333 3483 409 3527 vere
442 3459 554 3526 videor
583 3459 778 3527 contendere
807 3482 912 3547 posse.
957 3464 1109 3527 Attamen
1132 3461 1339 3527 Cominianus

201 3579 316 3655 266,25
348 3574 541 3659 qualitatem
572 3596 612 3640 ea
639 3576 771 3640 notione
802 3574 952 3654 adhibet,
984 3594 1049 3658 qua
1071 3573 1237 3640 Charisius
1263 3595 1337 3658 pag.

203 3690 325 3767 164,16.
370 3688 485 3770 Itaque
508 3686 715 3753 Cominianus
746 3686 873 3752 dnobus
900 3687 1028 3752 videtur
1050 3708 1128 3752 usus
1151 3707 1221 3752 esse
1241 3686 1338 3751 fonti·

200 3798 271 3879 hus,
295 3819 434 3882 quorum
455 3804 594 3883 uterque
624 3798 723 3864 alium
751 3799 903 3882 qualitati
928 3799 1057 3864 inderet
1077 3819 1214 3863 sensum.
1258 3799 1338 3883 [An-

200 3915 331 3984 notasse
343 3911 442 3991 iuvat,
460 3912 549 3997 apud
560 3912 750 3978 Diomedem
763 3916 893 3992 344,11;
911 3916 1040 3992 344‚15;
1058 3914 1336 3991 342,27;338,11;
1402 3910 1405 3915 ’

201 4029 335 4105 401,15;
358 4029 473 4105 454,25
497 4025 689 4108 qualitatem
702 4045 831 4107 semper
851 4021 938 4089 idem
957 4022 1151 4106 significare,
1173 4021 1261 4105 quod
1276 4022 1337 4088 sub

200 4135 297 4202 titulo
319 4136 359 4201 de
380 4137 580 4222 participio]
903 4140 905 4145 ’

357 4288 362 4293 .
1114 4249 1131 4300 3
