3150 4642
698 204 967 264 -24-·

240 375 323 438 sium
345 375 378 436 in
401 378 539 455 utroque
561 373 667 455 capite
688 393 823 455 prorsus
839 371 975 435 eandem
993 369 1196 434 intercedere
1218 369 1377 432 rationem

241 486 396 564 vidimus,
419 485 506 569 quod
530 506 569 549 ex
592 485 641 549 his
664 484 803 568 exempli
827 484 934 567 gratia
956 483 1114 566 appositis
1137 481 1378 546 delinitionibus

241 597 427 683 apparebit:

406 709 616 773 Diomedes.
1006 706 1212 772 Charisius

241 824 360 889 ectasis
390 828 439 887 est
462 823 606 887 extensio
630 820 783 904 syllabae,
837 823 956 885 ectasis
978 825 1027 884 est

241 957 327 1019 quae
349 935 387 999 fit
410 957 482 999 cum
505 938 657 1017 correpta
688 933 783 1018 sylla·
1011 954 1084 997 cum
1108 937 1260 1016 correpta
1283 932 1379 1015 sylla-

239 1048 284 1113 ba
307 1053 421 1114 ooutra
437 1047 596 1111 rationem
609 1068 668 1128 per
685 1046 786 1111 licen·
836 1045 879 1110 ba
902 1051 1017 1109 contra
1039 1045 1198 1109 rationem

240 1162 319 1224 tiam
341 1159 542 1244 producitur.
938 1157 1138 1242 producitur.

410 1270 619 1335 Diomedes.
1004 1270 1213 1335 Charisius.

243 1384 402 1468 prolepsis
426 1388 477 1447 est
496 1389 710 1462 praesumptio
733 1405 783 1448 re·
836 1382 997 1466 prolepsis
1021 1388 1070 1446 est

241 1519 314 1561 rum
336 1495 448 1560 ordine
472 1501 658 1560 secutarum
679 1495 712 1560 id
735 1500 784 1560 est

242 1630 314 1674 oum
331 1612 407 1672 aute
419 1630 573 1672 uumerus
590 1608 689 1672 verbo
709 1608 782 1672 red·
837 1629 908 1671 oum
932 1613 1006 1672 aute
1024 1630 1178 1672 numerus
1194 1607 1292 1671 verbo
1307 1607 1381 1670 red·

242 1722 346 1799 ditur,
366 1741 464 1802 quam
486 1741 646 1804 personae
670 1719 781 1784 defini·
836 1719 932 1799 ditur,
945 1742 1042 1802 quam
1055 1743 1107 1785 res
1116 1740 1315 1804 personasve
1325 1719 1381 1782 de·

241 1838 347 1898 autur.
834 1832 997 1896 finiantur.

345 1943 458 2027 Neque
486 1945 575 2010 aliud
604 1945 644 2008 de
667 1944 796 2008 Donato
822 1943 1030 2008 statuendum
1058 1944 1195 2009 videtur.
1241 1944 1323 2008 Nam
1345 1945 1380 2007 iu

244 2064 384 2139 utroque
419 2058 526 2140 capite
556 2057 642 2121 inter
671 2078 744 2120 eum
781 2062 815 2121 ct
845 2057 1035 2120 Diomedem
1066 2056 1180 2121 eadem
1207 2057 1382 2121 intercedit

242 2169 335 2234 ratio.
381 2169 473 2248 Quod
497 2170 661 2234 antemio
685 2171 792 2252 capite
816 2170 856 2234 de
871 2169 1095 2252 metaplasmis
1118 2168 1228 2253 paullo
1250 2169 1379 2250 longius

242 2304 262 2345 a
285 2281 441 2346 Diomede
465 2281 566 2360 abest,
591 2303 688 2363 quam
713 2283 747 2344 in
771 2283 878 2364 capite
903 2282 942 2345 de
967 2281 1197 2359 schematibus,
1220 2281 1282 2345 hoc
1304 2281 1380 2344 iude

242 2393 469 2475 explicandum
493 2400 551 2471 est,
574 2394 677 2475 quod,
714 2399 750 2457 ut
772 2400 870 2457 autea
893 2393 1041 2472 vidimuS,
1064 2394 1096 2458 iu
1121 2394 1228 2476 capite
1251 2393 1291 2457 de
1314 2415 1380 2457 me·

243 2506 413 2588 taplasmis
448 2506 546 2569 fontis
575 2507 624 2570 sui
654 2505 753 2569 verba
785 2505 932 2569 consulto
960 2506 993 2568 iu
1017 2505 1147 2570 brevius
1170 2506 1313 2587 redegit,
1346 2506 1380 2568 in

243 2619 349 2701 capite
373 2618 412 2683 de
432 2618 662 2698 schematibus,
686 2639 769 2700 quae
790 2618 970 2701 exscripsit,
995 2617 1183 2683 adverbum
1205 2619 1379 2682 maximam

245 2742 372 2813 partem
398 2731 577 2813 exscripsit.

347 2845 437 2921 Quae
464 2865 536 2907 cnm
560 2844 607 2907 ita
630 2844 709 2921 sint,
743 2848 918 2925 utrumque
944 2849 1043 2925 caput
1066 2844 1254 2908 Diomedem
1278 2843 1380 2906 maxi·

242 2977 327 3019 mam
350 2961 478 3038 partem
502 2978 519 3021 e
543 2956 666 3020 Scauro
688 2957 863 3037 sumpsisse
886 2976 1010 3019 censeo,

346 3069 415 3132 Iam
444 3090 512 3132 rem
545 3090 583 3132 eo
613 3067 768 3152 perduxi,
798 3074 835 3132 ut
863 3058 1116 3151 disputationem
1140 3068 1179 3131 de
1202 3069 1242 3132 iis
1265 3068 1380 3150 capiti-

242 3181 320 3259 bus,
360 3202 444 3262 qnae
473 3181 587 3244 eadem
616 3181 853 3245 Kummrowius
889 3182 1060 3259 tractavit,
1095 3179 1297 3244 absolverim.
1342 3180 1379 3242 ln

243 3293 442 3374 reliquorum
465 3294 565 3375 igitur
589 3294 731 3375 capitum
755 3293 906 3357 eruendis
922 3292 1067 3356 fontibus
1085 3293 1250 3356 Diomedis
1273 3313 1378 3355 meam

242 3404 344 3468 libere
375 3426 495 3487 sequar
524 3407 608 3468 viam
639 3405 672 3467 id
701 3406 876 3488 praecipue
908 3406 1055 3480 intuens,
1086 3410 1121 3468 ut
1154 3405 1268 3467 Scauri
1298 3405 1379 3467 artis

243 3517 398 3598 reliquias
423 3517 580 3598 detegam.
