3150 4642
649 234 863 293 -qq-

176 405 264 465 liber
291 407 333 465 dd
358 406 556 480 undenisque
572 406 694 467 nidulos
717 412 762 464 est
782 412 813 464 et
827 394 1001 479 corruptus,
1025 408 1095 464 dum
1117 407 1325 479 uuusquisque

171 535 241 592 pro
268 517 356 577 dodo
382 535 437 577 sco
457 519 520 577 stuc
550 535 590 578 eu
620 519 691 577 udis
718 517 896 578 unctoribus
925 519 989 576 stne
1011 521 1094 591 quod
1112 519 1140 576 ei
1162 518 1257 576 uisum
1280 526 1326 577 est

175 631 313 689 addidit
340 675 413 690 ....
438 636 472 689 ut
494 631 556 688 nisi
576 631 608 689 in
624 632 759 706 antiquis
772 616 934 690 vcorticibus
957 631 1008 688 55
1026 618 1129 703 purus
1149 635 1178 689 d
1194 631 1324 705 insuper,

176 747 214 801 ut
240 741 283 801 ub
307 759 342 801 eo
365 748 411 801 est
432 743 542 813 editur,
564 744 751 816 reperiatur.

295 851 384 927 Quae
414 871 486 914 cum
517 850 564 913 ita
586 850 666 928 sint,
694 849 795 914 verba
825 855 1004 928 tarn-m
1028 871 1177 932 magnam
1197 856 1324 933 partem

177 962 419 1045 interpolatori
441 961 586 1026 tribuere
608 983 672 1026 non
695 961 818 1041 dubito,
841 983 946 1045 neque
964 963 1070 1025 minus
1091 961 1169 1025 mibi
1192 962 1325 1045 persua-

178 1096 260 1138 sum
291 1080 355 1152 est,
398 1075 498 1139 etiam
534 1075 567 1137 in
603 1074 871 1139 antecedentibus
900 1075 1167 1158 interpolationes
1197 1068 1325 1156 extere3

180 1207 273 1268 quas
296 1186 468 1269 detegendi
491 1192 683 1269 argumenta
705 1185 784 1250 mihi
806 1207 870 1250 non
893 1191 1025 1270 praesto
1048 1192 1131 1251 sunt.

292 1299 340 1362 De
375 1298 541 1363 DIomedis
576 1298 795 1383 disputatione
836 1298 919 1362 haec
959 1303 1104 1364 statuere
1134 1320 1324 1383 possumus:

173 1397 329 1494 'primum
357 1432 546 1475 moneamus
575 1410 674 1475 verba
702 1417 750 1474 ud
775 1432 795 1474 5
817 1415 943 1487 Solone,
974 1418 1074 1490 leqdm
1102 1422 1245 1487 ductore,
1274 1418 1327 1491 qui

179 1528 406 1602 indifferenter
430 1530 548 1587 locutos
571 1534 616 1587 ed
638 1523 782 1606 (453,28)
805 1543 869 1586 non
892 1544 950 1587 suo
972 1523 1045 1588 loco
1066 1523 1229 1601 exhiberi,
1253 1546 1327 1588 cum

181 1635 303 1699 ordine
328 1640 457 1700 servato
484 1640 559 1699 ante
586 1634 686 1699 verba
709 1638 819 1697 Ludna
853 1640 1075 1725 dqoihusdum
1097 1640 1248 1715 stribiliqo
1271 1658 1324 1714 up-

178 1755 324 1827 pedutur
346 1747 498 1831 ponenda
520 1753 596 1812 sunt
608 1748 649 1831 ¹),
674 1746 770 1811 facile
786 1751 895 1810 autem
911 1747 1034 1826 credas,
1057 1748 1141 1812 hanc
1164 1749 1213 1811 vel
1235 1748 1325 1811 illam

172 1840 433 1924 *annotationem
457 1860 499 1924 ab
521 1860 755 1944 interpolatore
782 1859 816 1921 in
845 1861 991 1942 margine
1015 1860 1135 1924 codicis
1157 1860 1325 1945 archetypi

185 1972 391 2056 adscriptam
414 1973 446 2035 in
469 1972 556 2037 hunc
576 1972 720 2056 ineptum
743 1972 849 2035 locum
874 1993 893 2035 a
915 1971 1050 2037 librario
1067 1974 1223 2037 insertam
1245 1962 1325 2051 esse,

185 2107 286 2168 quem
317 2084 436 2148 nostris
466 2085 498 2147 in
530 2083 696 2148 codicibus
726 2083 859 2147 obtinet.
905 2085 1029 2149 Deinde
1058 2085 1159 2149 verba
1182 2087 1325 2168 (45536)

185 2209 323 2262 ceterum
355 2203 442 2275 opud
465 2207 578 2275 poetas
599 2200 809 2260 barbarismus
831 2204 1045 2275 rnetuplusmus
1070 2203 1200 2274 dicitur,
1231 2204 1325 2261 soloe-

185 2316 299 2374 cismus
322 2315 443 2373 schemo
473 2314 648 2373 conduntur
676 2309 742 2372 iam
771 2329 846 2392 pag.
874 2314 989 2389 toute
1021 2316 1053 2375 et
1080 2300 1120 2375 29
1144 2315 1257 2374 extant
1278 2310 1326 2373 ita

188 2421 408 2486 conformata:
439 2431 572 2485 ceterum
595 2428 682 2499 opud
704 2431 817 2499 poetas
840 2429 1054 2500 metaplasmos
1082 2433 1208 2486 uocatur
1231 2428 1324 2485 soloe-

187 2541 301 2598 cismus
330 2545 430 2598 5555
458 2539 598 2608 sedeam
631 2533 693 2597 hoc
724 2554 853 2616 quoque
881 2534 953 2597 loco
983 2534 1070 2618 apud
1101 2534 1324 2609 Geminianum

187 2646 348 2729 leguntur.
370 2677 373 2682 ¹
394 2648 484 2725 Quae
510 2652 620 2711 utrum
643 2645 816 2710 Diomedes
843 2668 883 2709 ex
905 2647 1062 2710 memoria
1083 2647 1252 2711 iteraverit
1275 2668 1324 2710 se·

190 2759 296 2824 cundo
319 2759 409 2839 loco,
433 2781 474 2823 an
498 2758 540 2823 ab
563 2758 798 2842 interpolatore
822 2758 935 2823 addita
958 2761 1037 2839 sint,
1061 2782 1134 2824 cum
1156 2760 1218 2824 hoc
1242 2760 1324 2823 scire

188 2870 270 2934 nihil
291 2871 437 2950 interSIt,
466 2871 605 2936 liberum
628 2872 809 2955 opinaturis
831 2872 988 2956 relinquo.
1034 2873 1120 2950 Quot
1141 2871 1247 2936 fontes
1268 2894 1324 2935 au·

189 2987 264 3046 tem·
279 2981 466 3046 adhibuerit
486 2982 675 3060 Diomedes,
706 2984 869 3065 exipsius
892 2983 1000 3048 verbis
1023 2983 1154 3048 difficile
1178 2989 1227 3048 est
1251 3005 1324 3066 cog·

188 3095 275 3175 nitu3
298 3115 372 3158 nam
397 3115 469 3157 cum
485 3094 565 3158 dicit
586 3096 729 3178 (tatae)
752 3086 946 3157 soloecismus
963 3103 999 3171 sit
1013 3101 1109 3158 orodis
1126 3099 1324 3175 personalibus

190 3211 442 3285 quattuordecim,
464 3214 512 3270 uel
532 3218 566 3270 ut
585 3212 708 3286 quidum
731 3211 912 3286 quiadeeim,
936 3211 973 3270 ut
992 3206 1153 3270 bacciam
1176 3208 1210 3270 in
1237 3208 1324 3272 fonte

188 3319 356 3398 invenerit,
380 3317 475 3382 facile
498 3318 569 3383 fieri
591 3318 707 3401 potuit.

292 3432 398 3513 Atque
422 3430 448 3494 si
473 3430 668 3512 quaerimus,
692 3452 865 3514 quemnam
886 3430 1007 3495 fontem
1027 3430 1180 3496 habuerit
1202 3432 1235 3495 in
1257 3454 1324 3495 ma-

189 3542 300 3621 nibus,
329 3564 434 3626 neque
457 3543 679 3608 Comicianum
701 3565 807 3627 neque
831 3564 1024 3627 anonymum
1047 3543 1272 3609 Charisianum
1295 3546 1324 3608 ei

188 3661 321 3738 praesto
345 3655 445 3721 fuisse
465 3661 611 3739 apparet.
657 3656 863 3721 Geminianus
880 3656 965 3719 enim
985 3656 1246 3739 quattuordecim
1269 3678 1323 3719 ex-

188 3767 280 3832 hibet
302 3768 517 3847 soloecismos,
542 3789 680 3851 quorum
707 3768 785 3832 XIII
806 3769 839 3831 in
858 3767 981 3832 tabella
1003 3769 1036 3831 in
1058 3789 1131 3851 pag.
1156 3774 1195 3834 65
1217 3768 1324 3852 posita

293 3976 317 4043 1)
337 3975 454 4029 Latinae
479 3977 613 4030 versionis
639 3985 775 4031 auctorem
797 3975 936 4029 Aurelium
955 3974 1074 4042 Opilium
1099 3974 1185 4029 foisse
1210 3991 1225 4029 e
1249 3974 1323 4043 frag·

188 4068 279 4114 mento
298 4078 315 4114 a
333 4061 423 4116 Keilio
447 4062 500 4116 vol.
519 4063 542 4114 V
567 4062 642 4117 edito
662 4062 807 4128 discImus,
831 4061 877 4114 ubi
903 4078 967 4128 pag.
993 4064 1069 4126 :aaa
1095 4062 1163 4114 haec
1181 4061 1323 4128 leguntur:

191 4146 385 4201 Soloccismcm
405 4147 510 4200 Lati-ne
527 4149 617 4202 nostri
635 4147 780 4215 dicerunt,
806 4153 838 4201 dt
857 4148 899 4200 dit
916 4147 1050 4201 Aurelius
1071 4148 1190 4216 Opilius,
1209 4148 1324 4202 stribili-

187 4234 286 4302 qinem,
305 4225 385 4286 odins
403 4233 524 4286 nominis
544 4234 736 4303 etymoloqium
754 4233 877 4287 nondum
896 4231 1014 4286 invenio.

1077 4321 1117 4372 5*
