3150 4642
710 237 925 300 ..20-

247 404 444 470 editionibus
462 405 690 470 vetustissimis
720 404 775 487 (cl.
797 404 892 469 Keilii
916 425 989 468 ann,
1013 404 1055 469 ad
1078 406 1188 490 445,5)
1218 407 1405 488 cognosci·

247 538 328 583 mus
373 518 482 598 Quare
504 517 558 582 hic
579 518 671 582 locus
693 516 774 581 nihil
795 515 932 601 probat,
953 518 1016 581 nisi
1039 518 1264 600 cognationem
1288 518 1401 582 artis·

248 630 363 695 simam
397 628 563 695 Diomedis
601 629 815 712 Charisiique.
871 628 925 712 (cf.
958 629 1168 694 llummrowii
1202 635 1312 696 annot.
1344 636 1399 694 50

247 763 277 827 p.
301 743 366 828 30).

350 854 463 938 Neque
479 855 585 920 minus
600 858 724 939 septem
746 854 904 939 exempla,
927 875 1012 938 quae
1027 854 1191 938 particula
1207 856 1303 920 ‘item'
1326 855 1396 919 ad·

248 968 442 1050 iunguntur,
483 967 728 1052 interpolatoris
763 966 913 1031 videntur
953 988 1033 1033 esse.
1097 968 1259 1047 Quattuor
1299 968 1393 1032 enim

246 1082 389 1163 (445‚17;
426 1084 555 1160 446‚22;
592 1083 704 1158 448‚2;
746 1079 877 1162 448,40)
908 1084 1035 1144 tantum
1075 1079 1163 1163 apud
1194 1079 1392 1145 Diomedem

247 1197 377 1272 extant3
399 1212 498 1256 unum
513 1190 601 1275 apud
613 1190 795 1256 Charisium
812 1191 953 1256 recurrit
967 1193 1105 1276 (446,3);
1121 1213 1220 1257 unum
1237 1193 1391 1275 (ilat-35)

248 1304 347 1367 etiam
369 1303 457 1387 apud
480 1304 643 1369 Donatum
666 1302 820 1387 (fortame
843 1324 861 1368 e
882 1302 1044 1389 Charisia)
1067 1304 1299 1389 interpolatum
1323 1311 1388 1383 est,

247 1416 335 1498 quod
364 1416 430 1481 iam
460 1415 621 1482 intellexit
640 1414 878 1481 Kummrowius
901 1418 945 1499 (p.
970 1422 1012 1481 44
1035 1420 1068 1481 θῖ
1088 1438 1120 1501 p.
1148 1422 1190 1482 40
1212 1437 1284 1482 ann.
1311 1421 1388 1501 68);

249 1550 348 1593 unum
372 1533 405 1594 et
428 1528 516 1613 apud
539 1528 727 1593 Diomedem
753 1534 787 1592 et
816 1527 904 1612 apud
927 1528 1091 1594 Donatum
1115 1533 1206 1594 extat
1228 1531 1386 1614 (447,26).

351 1641 441 1706 Haec
467 1646 576 1706 autem
607 1639 647 1705 de
678 1640 834 1725 exemplis
871 1639 934 1705 hoc
962 1639 1035 1706 loco
1072 1642 1277 1719 annotaviese
1304 1642 1385 1706 satis

247 1752 374 1832 habeo,
402 1773 474 1818 cum
496 1754 603 1818 minus
625 1753 777 1837 graviora
800 1753 866 1817 sint
887 1753 929 1818 ad
952 1753 1118 1819 Diomedis
1140 1754 1246 1818 fontes
1270 1774 1385 1847 eruen-

249 1866 317 1931 dos.
362 1864 455 1930 Nunc
477 1886 562 1948 quae
584 1870 711 1931 restant
733 1865 822 1950 apud
844 1865 1033 1931 Diomedem
1062 1866 1281 1950 inspiciamus.
1327 1868 1383 1931 At-

247 1999 310 2060 que
337 1999 410 2043 cum
441 1978 654 2044 antecedente
688 1979 855 2062 incapite
883 1977 1058 2044 viderimus
1080 1999 1139 2043 nos
1165 1978 1199 2043 in
1222 1978 1381 2043 definitio·

246 2112 323 2155 num
345 2091 459 2155 formis
482 2091 618 2156 diversis
640 2090 700 2155 niti
722 2111 786 2155 non
806 2111 918 2175 posse,
949 2091 1036 2156 idem
1056 2090 1171 2154 hocin
1195 2091 1302 2173 capite
1324 2111 1383 2174 ap·

246 2208 350 2287 paret.
394 2202 477 2267 Nam
500 2208 537 2267 ut
559 2202 621 2282 ibi,
653 2204 701 2268 ita
723 2203 823 2267 etiam
846 2203 900 2268 hic
926 2203 1015 2288 apud
1037 2202 1218 2268 Charisium
1242 2207 1382 2285 utraque

248 2315 444 2380 definitionis
466 2313 572 2379 forma
595 2315 738 2380 occurrit
760 2315 814 2399 (cf.
835 2315 949 2381 titulos
970 2316 1011 2381 de
1027 2320 1205 2398 zeugmate,
1228 2314 1381 2398 epizeuxi,

245 2425 519 2507 homoeoteleuto,
541 2428 780 2512 homoeoptoto,
802 2427 985 2513 polyptoto‚
1013 2427 1136 2507 hirmo,
1159 2427 1379 2512 polysyndeto,

245 2538 381 2624 dialyto)
404 2543 503 2623 atque
526 2540 689 2605 Donatum
711 2545 851 2624 utraque
882 2539 989 2605 forma
1010 2540 1058 2606 uti
1085 2539 1230 2604 ridemus
1255 2542 1377 2623 (‚,cum“

245 2652 366 2735 legitur
380 2675 404 2717 ε.
416 2657 439 2716 ῖ.
453 2651 493 2716 de
506 2652 713 2737 parhomoeo‚
738 2652 777 2716 de
793 2652 1064 2731 homoeoteleuto,
1084 2652 1124 2716 de
1136 2651 1379 2736 homoeoptot03

246 2785 325 2830 casu
356 2763 472 2829 deinde
502 2763 624 2829 lactum
655 2771 704 2829 θεῖ
728 2786 752 2829 ε.
779 2771 803 2829 ῖ.
835 2764 875 2829 de
896 2764 1093 2849 hypozeuxi,
1123 2770 1160 2828 ut
1181 2785 1241 2848 pro
1270 2769 1378 2843 „cum“

247 2876 412 2961 particula
434 2875 529 2956 „ubr‘
551 2876 660 2960 posita
682 2877 747 2962 sit).

371 2991 479 3069 Quare
515 3009 615 3053 unum
655 2994 782 3054 tantum
824 2989 1033 3054 Kummrowii
1067 2993 1295 3072 argumentum
1332 2994 1379 3052 est

246 3105 290 3186 (p,
315 3102 369 3187 31)
393 3103 445 3166 cui
469 3101 613 3186 aliquam
635 3100 699 3166 vim
728 3100 929 3167 tribuamus:
960 3101 1081 3166 nullam
1106 3101 1194 3185 apud
1219 3101 1377 3165 Donatum

246 3214 383 3278 inveniri
406 3213 641 3294 definitionem,
666 3235 750 3297 quae
770 3214 884 3280 itidem
907 3214 995 3299 apud
1018 3212 1200 3278 Charisium
1223 3212 1375 3277 Sacerdo-

245 3333 376 3407 temque
407 3326 538 3410 prolata
569 3327 619 3391 sit.
664 3327 817 3391 Attamen
848 3327 911 3390 hoo
940 3347 1039 3390 unum
1072 3329 1299 3408 argumentum
1318 3345 1377 3388 non

246 3437 395 3503 sufficere
424 3438 521 3503 facile
554 3438 735 3524 apparebit
783 3437 927 3502 Primum
960 3438 1045 3502 enim
1074 3438 1163 3522 apud
1192 3437 1375 3502 Diomedem

245 3556 359 3616 extant
380 3551 583 3616 definitiones
596 3551 664 3616 eius
686 3548 820 3629 formae,
841 3554 878 3615 ut
900 3550 963 3634 ipsi
986 3549 1167 3615 definitioni
1184 3549 1375 3634 adiungatur

245 3664 420 3749 explicatio
453 3662 611 3746 incipiens
644 3661 752 3728 verbis
784 3663 837 3742 „id
872 3669 922 3728 est
955 3669 1047 3728 cumt‘
1093 3662 1242 3747 Exempli
1273 3663 1375 3746 gratia

244 3777 433 3861 prolepseos
467 3774 611 3839 definitio
647 3775 730 3840 haec
765 3780 831 3840 est:
871 3781 1051 3855 θ,Ρνοῖθρεῖέ
1089 3786 1134 3840 est
1165 3780 1375 3854 pronuntiatio

244 3889 430 3974 [legendum
454 3893 503 3952 θεῖ
528 3893 759 3968 praesumpti03
795 3887 835 3951 cf.
858 3887 979 3952 Donati
1009 3888 1123 3972 verba]
1145 3909 1250 3951 reram
1273 3893 1375 3952 ordine

243 4011 437 4077 secutorum,
466 4006 501 4064 id
530 4010 575 4062 eat
602 4020 670 4063 eam
693 4009 764 4063 octe
786 4021 931 4064 numerus
961 4004 1052 4064 verbo
1074 4005 1219 4064 redditur
1242 4022 1267 4065 c.
1294 4023 1321 4078 q.
1344 4006 1375 4061 εἰ(

244 4114 335 4191 Quae
366 4133 563 4195 quamquam
593 4133 652 4195 per
682 4132 717 4174 se
740 4132 757 4174 θ
781 4110 920 4177 Charisii
950 4116 984 4176 et
1006 4110 1127 4175 Donati
1149 4117 1283 4176 auctore
1304 4132 1373 4174 oon·

243 4223 324 4287 flata
346 4245 416 4286 esse
438 4229 583 4305 possunt,
608 4229 716 4286 tamen
740 4242 805 4285 non
827 4224 933 4286 minus
955 4228 1045 4286 recte
1070 4223 1293 4286 contendimus
1316 4223 1372 4284 Dc·
