3150 4642
732 156 948 215 ..g-

373 323 488 417 Neque
508 323 606 388 aliter
627 323 669 388 de
689 323 786 389 titulo
811 324 868 408 qui
885 329 936 390 est
955 322 996 388 de
1019 322 1216 408 protheseon
1237 323 1424 408 parallage

268 436 388 503 iudico.
431 436 527 503 Hunc
550 435 635 502 enim
662 441 776 503 atota
807 436 924 522 capitis
953 436 1081 503 ratione
1109 435 1207 521 plane
1228 437 1422 505 abhorrere

269 549 425 635 quoniam
455 549 653 635 protheseon
688 548 859 634 parallage
887 550 1122 634 metaplasmus
1158 570 1224 615 non
1261 555 1312 617 ast
1340 551 1421 616 iam

269 663 507 729 Kummrowius
526 667 671 744 annotat,
694 662 782 747 quod
804 667 914 729 autem
935 661 978 728 ab
990 662 1062 746 ipso
1080 662 1238 729 Diomede
1260 662 1420 731 additum

269 797 341 843 esse
363 776 488 857 statuit,
511 797 640 843 errasse
656 774 736 841 mihi
750 775 888 842 videtur.
932 774 1018 841 Nam
1032 813 1076 824 -
1090 775 1137 860 (id
1159 775 1247 860 quod
1264 776 1418 860 neglexit

268 889 520 975 Kummrowius)
535 925 580 939 -
594 888 629 954 in
645 887 934 974 metaplasmorum
948 888 1193 955 enumeratione
1210 888 1417 974 protheseon

268 1001 455 1089 parallages
488 1022 606 1067 nomen
641 1022 707 1067 uon
740 1006 841 1067 extat
892 1000 1041 1086 Denique
1071 1001 1159 1086 quod
1188 1001 1303 1068 eadem
1338 1001 1417 1070 fere

269 1115 371 1182 verba
400 1113 490 1200 apud
511 1113 722 1180 Sacerdotem
749 1137 781 1200 p.
806 1120 886 1196 453,
918 1113 1054 1200 5(Keil.
1082 1112 1144 1179 vol.
1167 1115 1225 1201 VI)
1254 1114 1414 1199 logrmtur

269 1227 414 1313 opinioni
434 1248 527 1293 meae
548 1225 667 1293 favet.¹
691 1225 776 1293 Nam
802 1249 876 1294 cum
897 1228 932 1292 iu
952 1226 1087 1312 reliquis
1113 1226 1212 1295 rebus
1234 1232 1269 1293 et
1288 1227 1352 1294 hoc
1376 1234 1413 1293 et

268 1341 303 1406 in
325 1339 399 1406 aliis
419 1339 582 1425 capitibus
610 1339 678 1406 fere
700 1339 792 1406 nulla
816 1340 903 1407 inter
925 1339 1135 1406 Sacerdotem
1162 1344 1197 1406 et
1216 1340 1411 1407 Diomedem

270 1451 448 1520 similitudo
461 1452 654 1535 intercedat,
673 1475 715 1519 ex
727 1453 915 1519 Sacerdotis
934 1458 1006 1519 arte
1024 1452 1066 1519 ab
1081 1452 1326 1538 interpolatore,
1342 1474 1411 1520 non

270 1588 291 1633 a
313 1564 470 1631 Diomede
492 1565 593 1632 verba
613 1565 678 1632 huc
701 1566 869 1651 adscripta
891 1587 962 1633 esse
984 1571 1074 1632 recte
1096 1566 1247 1631 conicias.

374 1680 578 1762 Quamquam
602 1716 641 1728 -
667 1678 755 1763 quod
783 1678 915 1745 minime
944 1677 1121 1744 concedam
1144 1679 1287 1745 —licet
1317 1701 1410 1745 erra-

269 1791 372 1858 verim
393 1789 507 1857 titulos
529 1790 570 1856 de
590 1804 757 1876 paragoge
779 1796 814 1857 et
835 1791 876 1857 de
896 1790 1095 1876 protheseon
1116 1790 1286 1876 parallage
1306 1793 1409 1859 inter-

268 1903 412 1990 polatori
436 1902 628 1985 tribuendo,
655 1904 719 1970 hoc
748 1903 836 1988 quod
866 1904 1092 1987 gravissimum
1123 1909 1173 1969 ast
1204 1905 1318 1988 negari
1343 1927 1409 1971 non

269 2021 395 2103 potest,
424 2017 482 2082 illa
511 2016 612 2082 verba
638 2018 727 2083 ‘item
756 2016 797 2082 de
824 2015 1006 2102 aphaeresi'
1037 2037 1245 2101 nequaquam
1272 2001 1407 2084 alterins

270 2129 371 2197 fontis
394 2152 465 2196 esse
487 2130 668 2214 vestigium.
712 2131 821 2210 Quare
844 2129 956 2196 eiectis
978 2128 1105 2195 duobus
1118 2128 1183 2194 illis
1206 2129 1312 2196 titulis
1327 2152 1406 2214 quos

271 2264 345 2307 curn
373 2242 503 2327 reliqua
538 2242 759 2328 disputatione
794 2242 883 2308 nullo
913 2242 1041 2307 unculo
1071 2241 1247 2309 cohaerere
1277 2243 1406 2309 demon-

270 2356 388 2437 stravi,
418 2355 497 2440 quid
519 2355 559 2421 de
583 2356 629 2421 eis
652 2376 736 2439 quae
760 2360 887 2421 restant
907 2354 1117 2421 iudicandum
1140 2356 1199 2436 sit,
1230 2355 1405 2423 videamus.

375 2469 426 2533 Ad
440 2468 614 2534 ultimum
632 2467 950 2553 igiturKummrowii
960 2474 1188 2552 argumentum
1199 2468 1405 2535 refutandum

271 2582 442 2662 accedam,
472 2581 559 2664 quod
582 2602 647 2647 non
669 2603 710 2648 ex
731 2581 812 2666 ipsis
832 2580 998 2647 Diomedis
1021 2580 1138 2661 verbis,
1161 2581 1219 2647 sed
1241 2582 1405 2673 Diomedis

271 2696 392 2760 Donati
417 2694 556 2760 Charisii
584 2694 747 2778 capitibus
777 2694 905 2759 collatis
935 2694 1141 2778 indagavisse
1163 2715 1237 2760 eum
1260 2700 1403 2780 apparet.

271 2808 352 2873 Dico
375 2812 486 2873 autem
507 2806 630 2872 formas
650 2806 874 2873 definitionum
894 2806 1049 2886 diversas,
1072 2827 1154 2891 quas
1174 2807 1262 2892 apud
1279 2809 1404 2874 Diome-

270 2920 343 2986 dem
369 2941 432 2985 nos
449 2919 594 2985 invenire
617 2919 792 2985 contendit.

374 3035 481 3117 Atque
501 3033 529 3098 si
544 3032 769 3099 tantummodo
782 3033 949 3098 Diomedis
970 3033 1073 3117 ipsius
1091 3038 1192 3117 caput
1209 3033 1402 3118 inspicimus,

271 3165 480 3230 nequaquam
501 3144 589 3210 hanc
609 3144 834 3212 definitionum
857 3146 1080 3212 diversitatem
1111 3145 1402 3227 animadvertimus,

270 3264 309 3324 ut
334 3257 373 3323 de
397 3258 523 3324 duobus
545 3258 690 3324 fontibus
711 3259 806 3325 nobis
828 3259 973 3343 cogitare
995 3259 1103 3324 liceat.
1147 3259 1301 3343 Exceptis
1323 3259 1403 3324 euim

271 3370 400 3436 duobus
421 3371 487 3436 illis
517 3371 775 3452 definitionibus,
809 3393 890 3456 quas
913 3393 931 3436 e
960 3375 1053 3437 textu
1076 3370 1239 3437 eiciendas
1260 3393 1331 3437 esse
1353 3372 1402 3436 de-

269 3484 530 3564 monstravimus,
554 3484 639 3549 hanc
661 3483 1031 3549 definitionumformam
1052 3484 1247 3550 invenimus:
1265 3490 1401 3564 pronae-

270 3602 314 3661 sr‘s
338 3605 384 3660 est
411 3601 578 3676 appositio,
608 3597 660 3663 vel
688 3602 870 3676 aphaeresis
902 3607 948 3661 ert
977 3602 1091 3663 oblatio
1112 3597 1163 3663 vel
1186 3602 1342 3677 ectllzpsis
1363 3607 1402 3661 est

223 3740 227 3746 ·
271 3713 357 3774 elisio
380 3708 442 3793 [sic
462 3709 547 3773 onim
568 3731 628 3793 pro
651 3714 767 3775 collisio
792 3709 964 3793 legendnm
985 3709 1137 3795 videtur}
1160 3766 1163 3771 .
1180 3708 1265 3775 Nam
1286 3710 1346 3775 sub
1366 3709 1401 3774 ti·

270 3821 340 3887 tulo
361 3820 402 3886 de
424 3823 677 3908 prosparalepsi,
701 3844 774 3888 oum
791 3822 957 3888 Diomedis
978 3823 1079 3889 verba
1100 3843 1165 3888 non
1187 3822 1316 3907 integra
1338 3843 1400 3888 esse

270 3934 438 4000 videamus
461 3972 504 3983 —-
526 3936 617 4001 deest
645 3935 729 4000 enim
760 3957 826 4019 qua
855 3956 967 4003 carere
991 3956 1055 4000 non
1079 3956 1269 4019 possumus,
1299 3935 1399 4000 subdi·

269 4046 351 4112 visio
372 4047 503 4113 litterae
533 4053 566 4113 et
587 4034 732 4133 sillabas
753 4086 797 4096 —
820 4048 919 4113 etiam
942 4047 1181 4114 substantivum
1204 4047 1396 4132 ‚‚appositio“
1467 4083 1471 4094 ·
