3150 4642
671 249 886 310 0692-

212 417 361 500 ito-63).
407 417 514 499 Atque
536 436 590 495 ea,
623 437 707 499 qnae
737 415 777 480 de
800 415 982 480 soloecismi
1012 416 1190 499 veriloquio
1214 417 1344 500 (45334

212 530 311 612 -29)
332 528 550 612 proferuntur,
573 533 682 593 utrum
706 528 829 594 exalio
842 534 941 612 atque
961 529 1080 593 Donati
1103 528 1192 593 fonte
1213 529 1348 607 inserta,

212 662 269 720 an,
291 661 362 705 oum
385 641 418 705 in
439 630 496 705 illo
519 647 684 721 extarent,
712 663 732 706 a
756 640 885 706 Donato
909 641 1028 706 omissa
1051 641 1124 721 sint,
1146 663 1241 706 nemo
1264 641 1347 705 diiu-

211 753 321 817 dicare
344 758 461 837 potest.
505 752 678 836 Proprium
694 758 804 818 autem
827 774 938 818 eornm
961 758 1020 832 est,
1046 753 1142 837 quod,
1166 775 1238 818 cum
1262 773 1347 836 qnae

211 866 299 950 apud
329 865 411 929 alios
439 866 670 948 grammaticos
698 865 851 948 legantur
878 865 1059 948 veriloquia
1086 866 1194 930 omnia
1221 887 1261 930 ox
1282 887 1347 929 uno

211 977 300 1044 fonte
322 977 442 1043 hausta
464 978 546 1058 sint,
569 999 610 1043 ex
631 977 696 1043 alio
718 979 807 1044 fonte
828 979 960 1044 fluxisse
982 978 1150 1043 videntur:
1182 979 1269 1042 Serv,
1293 978 1347 1058 IV,

211 1096 336 1170 isaac.
387 1093 586 1156 Soloecismus
614 1096 722 1156 dictos
757 1102 804 1156 est
838 1099 887 1157 uel
924 1114 964 1156 eor
997 1095 1118 1156 Graeco
1157 1095 1347 1172 etymolopio,

212 1209 302 1284 quusi
324 1202 415 1293 esico
444 1202 548 1290 λόγου
568 1200 719 1289 αἰκισμὸς
752 1209 788 1269 id
809 1216 855 1268 est
875 1210 946 1269 suoi
970 1209 1119 1269 sermonis
1141 1209 1263 1279 vitiam,
1295 1213 1349 1267 oct

178 1396 182 1401 ἡ
213 1327 297 1380 certe
320 1320 389 1381 ideo
421 1323 504 1396 qood
524 1314 683 1384 Σόλοικοι
705 1321 860 1381 venientes
882 1322 1017 1382 Athenas
1041 1328 1070 1381 et
1091 1324 1169 1382 mole
1192 1322 1349 1396 loquentes

213 1449 321 1492 nomen
346 1449 386 1492 ex
407 1450 441 1492 se
462 1434 534 1493 vitio
560 1435 721 1494 dederunt.

248 1624 259 1635 Ι
317 1540 490 1623 Pompeius
519 1541 563 1619 V,
590 1545 704 1620 288,28
733 1546 927 1605 soloecismus
957 1547 1056 1605 dietas
1088 1551 1133 1605 est
1153 1547 1213 1606 hoe
1235 1562 1350 1606 causo:

213 1658 301 1717 Soloe
325 1658 449 1732 quidum
469 1657 577 1731 populi
598 1662 670 1739 111111
691 1658 778 1717 circo
806 1656 961 1730 Ciliciam
987 1659 1020 1718 hi
1041 1665 1191 1718 venerunt
1213 1658 1349 1717 Athenas

215 1771 285 1830 dam
300 1770 435 1844 pessime
458 1771 672 1845 loquerentur3
695 1771 810 1829 exinde
831 1775 961 1830 tructam
980 1775 1035 1842 est,
1058 1776 1092 1829 at
1108 1770 1349 1829 onerosiora·-

212 1882 257 1941 tio
349 1882 517 1941 soloecismi
539 1927 647 1941 ......
659 1872 662 1877 ’
677 1888 722 1941 est
754 1888 853 1941 torreo
883 1883 947 1942 olio
977 1899 1051 1942 vero
1079 1882 1161 1941 roiio
1254 1884 1347 1940 soloe-

213 1995 323 2053 cismus
341 1994 430 2069 quasi
447 1987 538 2080 σςόου
560 1987 665 2075 λόγου
678 1988 830 2076 αἰκισμός
851 1995 951 2055 idest
971 1995 1042 2054 soni
1064 1994 1148 2053 uerbi
1171 1995 1349 2067 corruptele

214 2099 267 2186 (ci.
291 2101 390 2166 etiam
411 2101 471 2164 vol.
494 2101 531 2181 V,
558 2102 674 2184 soal).

317 2213 476 2279 Sacerdos
499 2214 559 2291 VI,
592 2219 709 2292 elops
736 2219 931 2279 soloecismus
955 2219 1054 2278 dietas
1084 2225 1129 2277 est
1151 2218 1349 2278 1110111110-

214 2331 271 2402 dis,
295 2332 343 2390 cel
356 2334 438 2406 quod
458 2331 498 2390 sit
518 2335 580 2393 τοῦ
596 2324 691 2413 oqiov
710 2325 815 2413 λόγου
831 2326 981 2414 αἰκισμός
1003 2332 1022 2392 i.
1045 2347 1070 2391 e.
1092 2332 1234 2406 inteproe
1254 2330 1349 2389 laesio

216 2443 376 2514 dictionis,
400 2446 448 2502 vel
470 2446 552 2518 qaod
573 2444 739 2517 aliquando
763 2437 922 2506 Σόλοικοι
949 2443 1124 2503 Cilicienses
1147 2444 1237 2514 ciues,
1260 2443 1349 2501 Atte-

213 2572 270 2614 oos
286 2556 425 2631 profecti
452 2572 512 2614 ooo
543 2556 665 2631 inicere
694 2558 851 2630 loquentes
879 2556 984 2615 vitioso
1013 2555 1147 2615 sermoni
1242 2571 1349 2615 comen

174 2690 176 2693 ·
214 2670 374 2728 dederont.
461 2664 465 2665 ⁷

317 2775 441 2868 Deinde
465 2774 660 2841 definitionis
682 2777 790 2842 media
812 2799 889 2860 pars
912 2777 1001 2861 apud
1021 2778 1203 2855 Donatum,
1233 2776 1348 2840 ultima

213 2887 301 2971 apud
323 2888 462 2952 Charisii
484 2907 678 2972 anonymum
701 2891 844 2973 (267,23)
869 2889 998 2973 legitur,
1024 2911 1120 2972 quem
1143 2909 1348 2972 nequaquam

212 2997 402 3063 Diomedem
424 3001 458 3063 in
481 2999 631 3064 manibus
654 3000 808 3064 habuisse
835 3005 932 3064 autea
953 3000 1099 3085 probavi.
1144 3003 1245 3066 Immo
1267 3001 1350 3065 haec

212 3112 277 3174 iarn
301 3110 334 3173 in
349 3110 514 3175 Diomedis
537 3109 626 3175 fonte
649 3110 757 3189 fuisse,
781 3132 802 3174 a
825 3112 953 3176 Donato
974 3112 1094 3176 omissa
1119 3134 1198 3190 esse,
1223 3135 1348 3179 censeo.

213 3223 296 3286 Nam
329 3223 428 3287 etiam
468 3223 501 3286 in
532 3223 639 3306 capite
673 3222 713 3287 de
744 3223 964 3287 schematibus
993 3223 1182 3288 Diomedem
1212 3225 1349 3289 similem

213 3335 334 3400 fontem
364 3335 398 3399 in
420 3357 514 3399 usum
536 3355 669 3400 vocasse
692 3335 847 3415 vidimus,
878 3336 911 3399 in
934 3356 998 3418 quo
1021 3334 1240 3400 definitionem
1264 3339 1349 3402 exei-

214 3454 306 3531 peret
337 3447 510 3532 explicatio
542 3469 562 3511 a
592 3447 700 3512 verbis
731 3453 766 3512 id
796 3460 842 3512 est
861 3470 928 3513 eom
950 3470 1041 3530 orsa;
1069 3447 1179 3531 ibique
1202 3449 1349 3515 Donatus

213 3560 438 3624 tantummodo
455 3559 684 3640 definitionem,
711 3560 877 3626 Charisius
894 3561 1142 3645 explicationem
1169 3562 1348 3644 exscripsit.

213 3673 275 3750 Qui
297 3672 463 3737 Diomedis
494 3672 581 3751 fone,
612 3695 684 3738 cum
708 3673 866 3738 Scaurum
889 3674 989 3739 fuisse
1013 3674 1349 3752 demonstraverimus,

214 3785 313 3848 etiam
335 3784 368 3848 in
394 3785 501 3869 capite
532 3785 572 3849 de
594 3785 783 3851 soloecismo
807 3786 1041 3852 conscribendo
1064 3808 1137 3851 eum
1160 3786 1275 3851 Scauri
1298 3809 1349 3850 ar-

212 3902 278 3960 tem
299 3896 486 3991 adhibuisse
504 3898 659 3981 sequitur,
684 3920 779 3982 quem
802 3905 872 3964 toto
895 3901 1003 3984 capite
1026 3899 1169 3963 devitiis
1192 3899 1349 3964 orationis

213 4029 285 4072 eum
309 4010 519 4093 exscripsisse
549 4010 695 4075 vidimus.
742 4011 897 4075 Similiter
926 4019 1053 4090 autem,
1086 4017 1123 4075 nt
1144 4012 1177 4074 in
1198 4012 1269 4092 illo,
1301 4013 1349 4076 ita

211 4119 329 4185 hocin
361 4122 467 4205 capite
489 4143 554 4186 non
585 4124 730 4186 omniae
756 4122 879 4188 Scauro
907 4123 1102 4207 desumpsit,
1134 4125 1191 4189 sed
1220 4131 1348 4209 partem

212 4233 444 4298 tautummodo.
491 4234 604 4298 Scauri
639 4235 724 4299 enim
754 4234 950 4319 disputatio,
979 4257 1074 4318 quem
1102 4258 1162 4321 pro
1185 4237 1347 4308 clarorum
