3150 4642
642 219 858 297 ..5⁴-

169 387 306 452 rowiue
331 385 506 470 impeditus
535 385 677 466 videtur,
710 387 884 469 quominus
911 386 1102 470 simpliciter
1132 390 1232 470 atque
1254 388 1323 472 opi·

187 500 283 564 nioue
304 519 369 563 nou
391 502 604 583 praesumpta
626 498 666 564 de
690 499 854 584 capitibus
876 519 961 582 quae
984 499 1140 564 tractavit
1156 500 1323 566 Diomedis

187 612 397 677 dioudicaret.

291 723 427 789 Accedit
449 724 536 808 quod
557 745 596 789 ea
618 721 785 789 Diomedis
816 724 898 789 artis
927 745 1021 808 pars,
1052 724 1086 788 in
1109 745 1175 808 qua
1197 724 1236 789 de
1256 747 1323 790 me·

187 837 357 922 taplasmis
381 841 414 901 et
436 836 477 902 de
499 836 720 903 schematibus
743 837 863 920 agitur,
884 835 981 919 louge
1004 836 1103 901 aliam
1125 841 1225 920 atque
1247 837 1323 903 reli-

187 971 253 1034 qua
275 950 384 1033 operis
402 970 481 1034 pars
495 949 635 1034 praebet
648 950 798 1034 speciem.
843 950 948 1029 Quam
961 949 1156 1014 sententiam
1174 950 1323 1016 omnibus

187 1062 380 1128 differentiis
403 1061 511 1128 allatis
532 1061 675 1146 probare
689 1061 896 1146 supersedeo,
920 1060 1073 1145 quoniam
1093 1061 1322 1145 progrediente

188 1174 410 1260 disputatione
438 1175 614 1259 perspicua
642 1173 707 1239 fiet
752 1174 824 1239 Hoc
845 1173 917 1239 loco
940 1195 1040 1239 unum
1063 1178 1191 1239 tantum
1213 1196 1322 1240 mone-

186 1309 248 1368 am,
259 1292 292 1353 et
306 1287 552 1372 dispositionem
565 1286 663 1352 huius
673 1287 778 1371 partis
794 1289 1101 1371 (atala—muas)
1115 1287 1203 1371 apud
1219 1288 1320 1353 alium

186 1400 435 1485 grammaticum
456 1399 581 1466 nullum
603 1399 720 1480 redire,
739 1398 909 1483 multaque
928 1400 1035 1465 inesse
1054 1421 1138 1484 quae
1156 1400 1322 1466 Diomedis

185 1514 320 1599 propria
359 1513 439 1594 sint3
477 1518 576 1597 atque
611 1512 743 1594 dubito,
778 1534 821 1577 au
851 1512 913 1577 toti
942 1513 1030 1597 parti
1057 1514 1086 1580 is
1119 1533 1321 1597 praeponen-

187 1627 248 1692 dus
277 1627 320 1692 sit
340 1625 456 1691 titulus
485 1626 540 1710 qui
562 1648 594 1710 p.
617 1630 732 1707 reale
756 1626 813 1690 uni
834 1630 963 1692 tantum
983 1625 1083 1709 capiti
1111 1626 1234 1691 inditus
1256 1632 1321 1692 est:
1359 1658 1371 1695 ι

187 1740 227 1805 de
248 1737 419 1804 latinitate.

289 1852 397 1930 Quare
422 1873 494 1916 oum
517 1850 702 1916 differentia
731 1851 894 1934 quaedam
922 1848 1008 1916 inter
1034 1851 1120 1915 hanc
1145 1851 1320 1934 reliquam-

186 1985 250 2048 que
286 1963 367 2028 artis
404 1969 532 2047 partem
562 1962 760 2044 intercedat,
799 1985 1007 2047 nequaquam
1045 1963 1116 2029 iure
1146 1969 1320 2048 utramque

186 2077 299 2142 eodem
322 2076 418 2142 modo
441 2097 459 2142 e
482 2075 627 2142 fontibus
650 2077 869 2160 conscriptam
891 2097 962 2141 esse
985 2077 1200 2142 contenditur,

288 2191 357 2254 lam
389 2189 556 2254 rideamus
593 2188 729 2273 reliqua.
784 2188 979 2272 Priusquam
1010 2194 1120 2254 autem
1155 2189 1321 2255 Diomedis

185 2303 439 2387 disputationem
463 2323 536 2367 oum
558 2301 679 2367 Donati
702 2301 906 2386 Charisiique
929 2301 1143 2381 conferamur,
1164 2303 1197 2367 in
1218 2303 1321 2386 ipsius

185 2415 358 2499 diligenter
390 2415 593 2498 inquiramus
632 2415 748 2494 verba,
791 2415 869 2499 quid
911 2414 951 2480 de
987 2414 1133 2480 fontibus
1165 2415 1321 2480 adhibitis

184 2527 336 2613 prodant.
382 2528 489 2611 Atque
518 2528 659 2610 primum
687 2532 777 2592 recte
808 2527 944 2593 offendit
963 2528 1001 2591 K.
1023 2528 1058 2591 in
1079 2527 1204 2607 verbis,
1236 2547 1320 2610 quae

184 2663 217 2725 p.
239 2644 356 2720 441,2o
379 2639 547 2724 leguntur,
577 2639 643 2705 his:
671 2644 717 2705 De
739 2644 921 2719 aphaeresi,
951 2645 1133 2719 aphaeresis
1156 2650 1202 2704 est
1223 2661 1321 2719 aeque

184 2759 341 2834 pecoralis
363 2759 596 2832 metaplasmas,
619 2758 672 2832 qai
689 2761 726 2830 sit
745 2774 805 2832 per
837 2758 1063 2818 detractionem.
1094 2758 1152 2817 sed
1178 2757 1319 2831 speciali-

186 2876 233 2930 ter
263 2870 452 2930 observatur.
484 2870 555 2929 item
583 2872 622 2930 de
652 2871 829 2945 aphaeresi.
860 2871 1040 2946 aphaeresis
1071 2875 1117 2929 est
1144 2870 1257 2929 ablatio
1282 2871 1320 2929 de

183 2983 340 3057 principio
365 2982 506 3042 dictionis
529 2999 555 3043 e.
577 3001 608 3062 q.
634 2999 680 3061 sq.
726 2977 821 3042 Certe
844 2977 1081 3043 Kummrowius
1108 2977 1171 3042 hac
1191 2981 1318 3041 tantum

186 3111 303 3170 causa,
334 3090 421 3175 quod
451 3111 492 3155 ex
522 3090 594 3155 aliis
625 3091 824 3173 argumentis
856 3090 993 3173 aliisque
1023 3090 1103 3154 locis
1129 3088 1319 3154 Diomedem

184 3204 295 3287 plures
325 3204 359 3267 in
387 3225 487 3268 unum
518 3202 754 3268 contaminasse
785 3202 892 3266 fontes
923 3202 1093 3286 opinatur,
1128 3202 1226 3266 etiam
1257 3201 1319 3265 hoc

184 3316 256 3381 loco
278 3316 311 3380 in
342 3316 478 3381 eandem
510 3315 726 3399 suspicionem
755 3313 914 3380 deductus
945 3320 1004 3379 est.
1049 3313 1113 3378 Sed
1142 3314 1320 3392 rideamus,

186 3451 263 3493 num
286 3449 401 3494 revera
420 3429 483 3494 hoc
504 3428 576 3494 loco
599 3428 664 3494 duo
687 3427 794 3493 fontes
817 3427 1010 3493 indicentur.

289 3542 397 3624 Atque
418 3542 559 3625 primum
589 3563 629 3606 ex
659 3541 716 3606 illo
747 3547 817 3605 itera
846 3547 884 3605 de
906 3545 1072 3619 aphaeresr'
1095 3539 1219 3623 aliquid
1244 3560 1319 3603 con·

186 3653 380 3720 cludendum
403 3659 499 3735 esset,
521 3655 549 3720 si
572 3659 647 3719 aute
664 3653 764 3720 verba
785 3659 844 3718 sed
863 3658 1040 3732 specialiter
1060 3657 1240 3717 observatur
1262 3672 1319 3735 po·

185 3767 284 3831 situm
305 3771 398 3832 esset.
443 3766 524 3831 Tum
548 3767 633 3832 enim
662 3765 807 3831 insonte
830 3766 939 3848 priore
962 3764 1035 3830 loco
1059 3765 1223 3849 exscripto
1246 3784 1319 3847 spe·

185 3879 299 3943 cialem
329 3877 549 3944 definitionem
578 3878 719 3945 defuisse
744 3882 928 3962 appareret.
973 3876 1067 3941 Nunc
1089 3882 1216 3955 autem,
1247 3897 1319 3940 oum

185 3996 260 4075 post
282 3997 340 4056 sed
359 3997 537 4071 specialiter
560 3996 740 4057 observatur
762 3990 864 4057 verba
885 3989 942 4053 illa
962 3990 1123 4072 legantur,
1145 3988 1319 4053 dummodo

186 4125 206 4168 a
229 4101 387 4167 Diomede
409 4104 480 4187 ipso
504 4104 569 4169 sint
591 4105 731 4188 scripta,
753 4102 942 4188 probarent,
963 4102 1061 4166 etiam
1083 4100 1227 4185 priorem
1250 4099 1319 4165 fon-

184 4219 250 4280 tem
273 4213 447 4299 specialem
470 4214 690 4280 definitionem
719 4214 914 4281 exhibuisse.
959 4214 1050 4293 Quae
1077 4235 1150 4279 cum
1171 4213 1220 4278 ita
1245 4213 1319 4293 sint,
