3150 4642
698 217 916 279 ..21-

238 393 351 452 natnm
380 388 605 454 tantummodo
638 388 739 453 verba
776 388 818 452 ad
851 390 956 471 ipsam
990 387 1209 454 definitionem
1243 392 1375 475 proprie

239 503 421 584 spectantia
445 522 462 566 e
485 501 651 566 Diomedis
681 501 771 566 fonte
798 501 1025 584 exscripsisse,
1058 500 1243 567 Charisium
1265 508 1374 569 autem

239 615 485 698 praeoptavisse
507 613 774 699 explicationem,
805 634 904 696 quam
926 613 1125 693 vocavimus,
1148 614 1268 698 quippe
1290 636 1374 698 quae

238 726 425 791 definitione
441 725 570 810 planior
593 731 626 796 et
640 725 813 791 dilucidior
835 726 878 790 sit
897 726 1068 808 minusque
1092 746 1236 790 severam
1254 727 1374 792 doctri-

238 860 313 902 nam
342 838 487 922 resipiat.
511 837 625 903 vHanc
657 843 767 903 autem
798 839 958 903 rationem
987 837 1203 920 coniungendi
1232 840 1374 923 explica-

239 952 359 1015 tionem
383 972 456 1015 cum
479 950 666 1015 definitione
695 951 876 1016 invenimus
904 949 965 1014 sub
995 949 1100 1015 titulis
1130 949 1170 1015 de
1196 957 1373 1034 zeugmate,

238 1063 278 1129 de
301 1063 546 1146 paronomasia,
579 1063 620 1127 dc
641 1063 917 1141 homoeoteleuto,
941 1062 980 1126 de
1003 1060 1243 1147 homoeoptoto.
1288 1065 1373 1143 Quo-

237 1198 309 1240 rum
329 1175 490 1259 inprime
513 1180 547 1240 ct
568 1175 682 1241 ultimo
714 1175 835 1259 optime
858 1174 1071 1259 perspicitur,
1099 1175 1290 1240 Diomedem
1308 1198 1374 1241 non

237 1309 254 1351 e
287 1287 414 1353 duobus
454 1287 644 1353 auctoribus
679 1288 863 1353 doctrinam
892 1287 1139 1353 contaminasse.
1192 1287 1244 1370 (cf.
1274 1311 1375 1373 supra
1430 1334 1432 1336 ψ

236 1420 310 1485 pag.
336 1402 398 1485 14).

323 1512 557 1578 Gravissimum
580 1518 689 1578 autem
712 1517 845 1578 nostrae
872 1512 1052 1578 sententiae
1076 1517 1302 1595 argumentum
1324 1514 1372 1578 in·

237 1627 382 1690 venimus
405 1626 439 1689 in
457 1626 561 1690 titulis
584 1625 625 1689 de
642 1624 748 1690 schesi
763 1629 938 1689 onomaton
955 1624 1099 1709 (latas)
1123 1630 1156 1689 et
1179 1624 1219 1689 dc
1241 1624 1373 1691 homoe-

237 1742 350 1822 optoto
373 1740 525 1822 (447,12).
563 1737 647 1802 Nam
670 1738 703 1801 in
719 1758 792 1802 eam
808 1758 906 1819 quam
921 1736 1144 1802 Charisius
1163 1736 1297 1802 exhibet
1318 1758 1373 1802 ex-

237 1851 446 1935 plicationem
469 1850 550 1914 illud
567 1849 702 1933 Vergilii
725 1849 916 1933 exemplum,
939 1848 1027 1930 quod
1050 1870 1123 1912 cnm
1146 1870 1185 1913 ea
1208 1850 1373 1914 coniunxit

236 1963 458 2027 Diomedes
482 1962 632 2045 quadrat,
655 1983 719 2027 non
740 1961 822 2027 illud
836 1962 941 2041 Ennii,
965 1960 1053 2044 qnod
1075 1961 1241 2026 Charisius
1264 1961 1372 2041 habet,

237 2075 310 2140 cum
334 2075 377 2140 ad
398 2076 541 2159 priorem
556 2073 707 2139 soheseos
723 2080 898 2138 onomaton
921 2073 1052 2138 modum
1075 2073 1163 2156 apud
1181 2074 1372 2138 Diomedem

235 2188 398 2270 prolatum
421 2193 555 2271 spectet.
601 2185 767 2252 Charisius
798 2191 908 2251 autem
938 2186 1076 2250 Ennium
1101 2186 1245 2268 Vergilio
1276 2208 1372 2270 prae-

235 2301 357 2384 posuit,
387 2321 585 2382 quamqnam
608 2298 829 2382 discrepantia
854 2299 940 2363 inter
968 2296 1188 2363 definitionem
1211 2305 1245 2363 et
1265 2321 1372 2364 exem-

236 2411 325 2495 plum
347 2412 575 2477 intercederet.

338 2524 428 2589 Idem
452 2523 624 2590 dicendum
648 2528 698 2588 est
720 2523 760 2588 de
782 2523 1005 2607 homoeoptoti
1028 2523 1271 2589 definitionibus
1294 2524 1371 2588 Dio·

205 2644 208 2650 '
236 2637 339 2701 medis
363 2641 395 2701 et
416 2636 564 2702 Charisii.
609 2635 783 2701 Diomedes
798 2636 883 2701 enim
898 2637 984 2700 inter
998 2635 1261 2720 homoeoptoton,
1284 2636 1373 2719 quod

235 2749 273 2814 fit
294 2771 354 2833 per
376 2750 499 2814 exitum
521 2749 694 2814 verborum
715 2749 749 2812 in
773 2748 905 2813 eosdem
926 2769 1031 2829 casus,
1056 2754 1089 2813 et
1107 2748 1370 2833 homoeoptoton,

31 2872 36 2879 “
131 2855 133 2860 ’
237 2862 324 2945 quod
348 2862 386 2925 fit
406 2883 465 2946 per
488 2862 610 2927 exitum
639 2863 673 2926 in
701 2861 832 2926 eosdem
861 2882 956 2925 casus
979 2867 1030 2926 est
1052 2860 1174 2926 similes
1203 2859 1284 2925 fines
1307 2861 1371 2925 dis·

236 2975 356 3054 cernit,
385 2981 418 3039 et
434 2975 566 3056 utrique
587 2974 707 3057 speciei
730 2978 809 3057 apta
831 2973 979 3056 adiungit
1005 2973 1162 3056 exempla.
1206 2972 1373 3038 Charisius

236 3108 312 3151 vero
332 3086 524 3171 posterioris
540 3085 736 3150 definitionis
760 3083 943 3168 exemplum
966 3085 1009 3148 ad
1029 3085 1171 3167 priorem
1188 3083 1373 3150 differentia

235 3198 293 3263 illa
319 3198 469 3281 neglecta
498 3198 666 3282 apposuit,
697 3195 848 3260 videlicet
871 3195 959 3278 quod
989 3196 1084 3261 Ennii
1113 3217 1212 3278 quam
1235 3195 1371 3278 Vergilii

237 3310 419 3395 exemplum
442 3331 606 3394 apponere
627 3308 748 3373 mallet.
793 3307 890 3373 Nullo
910 3307 1005 3372 modo
1029 3314 1138 3373 autem
1160 3308 1230 3373 fieri
1253 3311 1368 3393 potnit,

237 3428 273 3487 ut
295 3423 468 3487 Diomedes
492 3422 573 3487 dnos
589 3421 695 3487 fontes
709 3421 940 3500 contaminans
965 3420 1027 3485 hac
1051 3419 1162 3485 subtili
1186 3420 1371 3487 differentia

236 3540 410 3618 perspecta
433 3534 571 3600 Charisii
595 3556 722 3600 errores
745 3534 939 3616 corrigeret,
970 3555 1043 3597 cnm
1074 3534 1155 3599 nihil
1185 3535 1219 3598 in
1252 3534 1372 3598 Donati

237 3646 335 3711 fontis
357 3646 464 3711 verbis
486 3647 622 3727 inesset,
654 3646 739 3711 unde
760 3645 934 3711 Diomedes
969 3646 1108 3711 alterum
1131 3652 1298 3711 auctorem
1322 3668 1371 3710 er·

237 3760 360 3824 ravisse
393 3759 675 3824 animadverteret.
732 3759 848 3841 Itaque
885 3759 918 3821 in
949 3758 1116 3823 Diomedis
1151 3759 1371 3842 disputatione

237 3870 402 3935 uberrima
434 3878 467 3936 et
496 3872 667 3936 sanissima
697 3871 873 3954 primarius
902 3870 996 3935 nobie
1019 3875 1134 3935 auctor
1155 3876 1288 3954 praesto
1312 3875 1370 3950 est,

237 4005 309 4046 cum
339 3983 485 4065 reliquae
513 3984 663 4049 exiliores
691 3984 798 4048 minus
832 3989 978 4047 correcte
1010 4005 1049 4046 ex
1088 3982 1175 4047 illins
1205 3982 1372 4048 derivatae

237 4097 319 4174 sint;
350 4094 437 4176 quod
464 4096 530 4159 iam
557 4117 618 4179 per
639 4117 673 4159 se
696 4094 903 4159 verisimilius
926 4094 1054 4159 videtur
1078 4114 1176 4176 quam
1199 4094 1370 4160 Kummro·

236 4208 288 4270 wli
310 4208 479 4271 sententia.
