3150 4642
683 220 900 281 ...39-

245 398 247 403 '
329 388 442 471 Neque
471 409 536 453 uon
565 386 754 472 intellegere
782 410 970 472 possumus,
1008 412 1066 454 cur
1097 388 1271 455 Diomedes
1300 391 1363 456 hac

225 500 452 566 conscribendi
479 502 607 568 ratione
636 522 714 566 usus
744 502 796 566 sit.
840 501 988 566 Vidimus
1019 503 1104 566 enim
1135 524 1208 568 eum
1234 504 1268 567 in
1292 525 1362 588 cap.

225 614 373 678 devitiis
398 614 555 679 orationis
576 618 733 696 tanquam
757 613 873 680 ducem
895 615 1053 679 Scaurum
1076 619 1241 696 secutum,
1272 617 1363 681 cuius

225 748 266 791 ex
288 730 359 790 arte
380 727 416 790 in
440 726 547 810 capite
571 726 611 792 de
633 725 840 793 barbarismo
863 726 1044 803 scribendo,
1068 727 1156 810 quod
1176 727 1263 793 illius
1285 750 1363 812 pars

225 843 289 918 est,
319 844 448 904 tantum
476 860 583 923 pauca
613 838 808 922 desumpsit,
842 861 915 905 oum
944 838 1016 904 fons
1055 840 1085 904 ei
1119 845 1252 924 praesto
1279 847 1364 906 esset

226 958 297 1018 arte
321 952 501 1018 Scauriana
524 973 562 1016 eo
584 951 717 1017 uberior
739 957 773 1016 et
795 952 1011 1035 splendidior,
1040 953 1127 1035 quod
1149 974 1214 1018 non
1236 954 1363 1037 singula

224 1065 325 1131 verba
354 1070 482 1130 tantum
514 1065 572 1130 sed
602 1069 689 1129 totos
724 1085 838 1129 versus
866 1064 1050 1149 adscriptos
1075 1064 1222 1130 baberet.
1276 1067 1362 1132 Non-

224 1177 321 1243 nullis
352 1182 440 1242 certe
476 1177 557 1243 locis
586 1178 672 1243 iuter
701 1176 860 1242 Scaurum
890 1183 923 1242 et
944 1176 1166 1261 'Scaurianum
1196 1183 1363 1243 auctorem

163 1336 166 1341 ψ
226 1289 465 1374 discrepantiae
487 1288 636 1370 fuerunt,
667 1309 805 1372 quorum
834 1312 933 1354 unam
962 1289 1056 1355 nobis
1085 1290 1217 1357 tradere
1238 1291 1364 1375 placuit

172 1406 174 1409 ’
225 1401 375 1467 Diomedi
405 1402 507 1468 verba
537 1392 681 1490 (452,23)
711 1408 771 1467 boe
807 1414 907 1468 antem
937 1408 1057 1482 specics
1086 1423 1112 1468 e.
1142 1425 1173 1487 q.
1200 1424 1248 1486 sq.
1277 1404 1363 1470 inse-

97 1576 100 1579 .
224 1515 346 1596 rund03
389 1514 461 1581 aliis
489 1514 570 1581 locis
600 1515 741 1581 fortasse
768 1514 954 1580 differentia
987 1536 1052 1580 nou
1079 1520 1173 1581 tanta
1200 1522 1288 1597 erat,
1326 1524 1364 1584 nt

141 1648 145 1653 ’
224 1629 394 1712 utriusque
418 1626 517 1694 fontis
538 1627 639 1693 verba
658 1627 845 1694 adscribere
866 1632 1053 1711 cogeretur3
1077 1628 1150 1693 aliis
1171 1629 1253 1694 locis
1270 1629 1362 1696 diffe-

224 1742 331 1807 rentia
361 1741 490 1807 omnino
505 1777 508 1783 ,
521 1762 586 1807 non
614 1741 693 1820 fuit,
722 1744 760 1806 ut
788 1740 823 1805 in
853 1741 954 1805 initio.
998 1739 1109 1805 Prima
1137 1743 1223 1806 enim
1246 1744 1363 1826 capitis

225 1853 338 1934 rerba,
362 1875 435 1921 cum
456 1855 542 1920 inter
564 1854 748 1937 generalem
772 1858 805 1918 et
827 1852 1002 1937 specialem
1024 1852 1228 1919 discernatur
1251 1854 1362 1919 defini-

223 1969 359 2046 tionem,
395 1967 510 2031 Scauri
548 1988 645 2049 quem
682 1988 700 2031 e
732 1966 839 2051 capite
870 1964 910 2031 de
940 1966 1164 2049 metaplasmis
1196 1967 1362 2050 cognitum

223 2080 383 2145 habemus
405 2079 537 2144 modum
559 2078 778 2145 ratiocinandi
802 2079 970 2163 resipiant.

326 2193 377 2257 Ex
401 2193 464 2258 hoo
487 2197 597 2258 autem
620 2192 800 2257 Scauriano
826 2195 960 2256 auctore
984 2190 1164 2256 Geminiani
1186 2197 1220 2257 et
1241 2193 1362 2260 Donati

224 2307 402 2370 communis
436 2305 508 2371 fons
537 2305 670 2372 fluxisse
700 2304 845 2385 videtur3
882 2304 978 2369 aliter
1007 2303 1093 2368 eninr
1122 2326 1175 2370 res
1205 2306 1362 2389 explicari

224 2440 289 2483 non
319 2424 436 2502 potest.
486 2418 559 2482 Alia
589 2418 708 2483 omissa
738 2422 814 2482 sunt
842 2422 880 2482 ut
910 2415 1012 2482 verba
1040 2414 1236 2483 definitionis
1264 2418 1361 2482 haec:

224 2537 434 2596 enuntiatione
463 2537 511 2595 acl
536 2535 653 2610 scripto
748 2551 786 2594 cc
810 2551 872 2609 per
896 2535 953 2594 boc
983 2550 1044 2593 non
1066 2529 1360 2613 Lalinc,reliqua‚

227 2666 312 2728 quae
336 2644 432 2710 facile
459 2645 494 2708 in
522 2642 646 2708 tabella
672 2664 770 2726 quam
793 2641 926 2709 adiunxi
948 2641 1001 2726 (ci.
1023 2663 1097 2726 pag.
1127 2648 1162 2711 51
1181 2646 1263 2727 sqq.)
1286 2665 1360 2708 con-

226 2758 308 2842 spici
329 2762 475 2841 possunt,
502 2757 632 2822 aliunde
655 2756 768 2822 addita
791 2761 867 2821 sunt
888 2760 926 2819 ut
948 2776 974 2820 e.
998 2776 1044 2838 gr.
1067 2755 1216 2839 exempla
1238 2756 1298 2820 sub
1320 2758 1361 2821 ti-

223 2871 301 2935 tulis
332 2870 372 2935 de
395 2870 577 2935 adiectione
607 2874 640 2934 et
659 2869 862 2935 detractione
884 2868 1045 2952 syllabae,
1076 2867 1132 2932 ubi
1153 2868 1301 2934 Donatus
1328 2873 1362 2933 et

224 2983 431 3048 Cominianus
458 2983 543 3046 inter
569 3003 603 3046 se
627 2987 842 3064 congruentes
865 3002 884 3044 a
907 2979 1063 3044 Diomede
1086 2981 1251 3046 recedunt.
1296 2981 1361 3046 Do-

223 3095 292 3159 nati
315 3115 392 3159 vero
408 3093 628 3158 definitionem
652 3099 685 3158 et
704 3092 939 3177 expositionem
962 3091 1171 3176 (eoae—10)
1195 3115 1235 3157 ex
1257 3094 1360 3159 altero

224 3207 312 3272 fonte
335 3206 466 3271 additas
489 3228 559 3271 esse
582 3206 647 3270 iam
671 3226 771 3289 supra
794 3204 1094 3268 demonstravimus.

328 3319 377 3384 De
407 3318 542 3401 reliquis
564 3318 731 3384 Diomedis
756 3317 873 3401 capitis
902 3315 1052 3399 partibus
1075 3318 1254 3401 (raeesq.)
1281 3318 1361 3382 nihil

225 3433 306 3497 certi
328 3452 511 3516 proponere
533 3452 674 3515 possum.

326 3544 599 3628 Interpolationes
620 3543 759 3627 denique
776 3543 882 3607 eicere
900 3563 964 3606 non
979 3542 1117 3607 multum
1140 3542 1249 3622 refert,
1273 3542 1360 3625 quod

224 3658 304 3722 nihil
333 3657 565 3740 interpolatum
597 3656 726 3721 videtur
756 3655 819 3720 nisi
849 3676 955 3738 pauca
986 3655 1143 3738 exempla.
1187 3660 1264 3719 Item
1286 3677 1362 3738 par-

224 3770 326 3835 ticula
357 3775 467 3835 autem
490 3769 588 3833 etiarn
611 3768 675 3833 hoc
700 3769 733 3832 in
757 3768 864 3851 capite
887 3789 1000 3832 ansam
1023 3767 1238 3850 cognoscendi
1260 3768 1360 3831 inter-

224 3882 381 3966 polatoris
398 3881 499 3946 verba
514 3880 668 3965 praebet;
692 3901 716 3944 e.
740 3901 786 3962 gr.
807 3880 908 3944 verba
931 3881 1074 3963 (452,32)
1097 3885 1167 3943 ilem
1182 3884 1361 3959 lertqionen

224 4000 363 4059 similiter
386 4016 450 4073 pro
481 3999 631 4073 religione
663 3998 785 4056 natatis
823 4017 841 4055 r
871 4003 900 4056 et
937 3999 949 4056 l
975 3997 1086 4056 litteris
1116 3991 1360 4074 interpolatoris

224 4106 379 4190 pravitati
400 4105 599 4170 tribuamus:
623 4109 710 4168 certe
725 4125 790 4169 non
805 4124 886 4188 opus
905 4104 968 4168 fuit
984 4103 1047 4168 duc
1066 4102 1195 4169 adferre
1211 4103 1361 4186 exempla

223 4217 408 4284 litterarum
428 4217 440 4282 l
461 4223 496 4282 et
517 4239 534 4282 r
555 4216 753 4281 mutationis.
