3150 4642
663 193 879 255 -15-

201 369 296 448 parte
313 362 453 429 adiectio
475 362 518 428 ad
530 361 680 447 primam,
696 361 847 441 mediam,
863 359 1071 426 novissimam
1081 364 1210 444 partem
1225 359 1340 425 dictio·

201 477 253 541 nis
275 480 455 558 tractatur3
477 476 512 540 in
534 495 601 540 una
623 495 753 558 quaque
775 472 940 558 particula
962 478 1072 538 autern
1096 472 1136 538 de
1159 471 1341 538 adiectione

202 589 270 654 siue
294 588 497 654 detractione
520 592 554 653 et
573 587 704 653 litterae
729 592 762 652 et
777 585 922 672 syllabae
944 585 1121 670 separatim
1144 583 1339 669 disputatur.

306 700 400 781 Quod
423 700 466 766 ad
496 700 640 784 reliquos
671 700 792 765 attinet
819 698 1065 782 grammaticos,
1096 697 1152 781 qui
1174 697 1215 762 de
1239 703 1341 762 meta-

201 814 336 899 plasmis
365 813 627 898 disputaverunt,
662 810 735 901 cum
765 812 809 876 ad
829 831 936 877 meam
958 832 1028 876 rem
1060 809 1141 875 nihil
1167 809 1236 875 fere
1266 810 1341 874 novi

202 926 361 1007 afferant,
383 925 425 991 iis
454 946 539 1010 quae
564 925 804 991 Kummrowius
825 926 869 1009 (p.
894 924 949 1008 20)
976 922 1016 988 de
1046 942 1205 1007 anonymo
1237 927 1270 989 et
1300 922 1340 987 de

203 1038 383 1104 Sacerdote
406 1038 504 1119 dixit,
535 1038 704 1104 assentior.
749 1037 799 1103 De
830 1036 1005 1102 Consentio
1033 1041 1143 1101 autem
1173 1034 1238 1100 alio
1268 1034 1340 1100 loco

201 1152 304 1217 uerba
325 1151 455 1218 faciam.

203 1435 301 1526 Gap.
321 1437 369 1508 H.
414 1435 466 1502 De
488 1435 671 1502 Diomedis
694 1434 812 1518 capite
835 1434 929 1535 quod
951 1435 1008 1499 est
1031 1434 1074 1498 do
1098 1433 1340 1500 schematibus

700 1551 744 1634 (p.
767 1549 855 1634 443).

305 1706 501 1790 Priusquam
523 1703 566 1769 ad
595 1703 761 1770 Diomedis
785 1709 885 1788 caput
914 1701 1002 1787 quod
1032 1707 1082 1768 est
1105 1702 1144 1767 de
1165 1702 1338 1768 schemati·

204 1819 266 1884 bus
297 1818 506 1884 tractandum
528 1817 699 1897 accedam,
727 1817 842 1901 paucis
864 1815 944 1882 mihi
966 1814 1192 1902 exponendum
1214 1814 1341 1880 videtur

205 1952 346 2015 quanam
380 1931 507 1996 ratione
543 1929 726 1996 disserendi
763 1932 886 1994 usurus
912 1930 982 1994 sim.
1027 1927 1111 1994 Nam
1141 1948 1338 2011 quamquam

204 2044 293 2128 qnod
314 2043 480 2129 proferam
501 2046 542 2109 de
572 2043 635 2108 hoc
666 2043 773 2126 capite
796 2042 951 2108 indicium
974 2063 995 2107 a
1016 2041 1228 2107 Kummrouii
1246 2039 1343 2123 longe

205 2158 307 2223 distat
334 2156 509 2236 sententia,
545 2160 656 2221 tamen
678 2155 792 2235 malui,
826 2155 914 2220 illius
936 2155 1086 2239 opinione
1113 2154 1254 2239 primum
1286 2174 1341 2216 ne·

205 2270 322 2353 glecta,
344 2290 364 2335 a
383 2268 534 2353 diligenti
549 2266 775 2352 disquisitione
797 2269 832 2332 in
848 2267 1014 2333 Diomedis
1032 2266 1133 2333 verba
1155 2266 1245 2332 facta
1266 2287 1341 2350 pro-

204 2381 307 2448 ficisci
329 2381 419 2447 hisce
441 2385 621 2446 commotus
643 2381 765 2446 causis:
788 2380 913 2461 Quibus
936 2382 1020 2446 enim
1040 2380 1156 2446 nititur
1171 2380 1344 2444 Knmmro·

76 2589 79 2593 ,
205 2495 285 2560 wius
303 2494 512 2579 argumentis,
534 2493 617 2559 haee
638 2498 729 2559 sunt:
753 2491 807 2578 (cf.
820 2515 851 2578 p.
865 2498 906 2560 30
922 2499 955 2558 et
970 2493 1025 2577 31)
1048 2491 1237 2558 Diomedem
1258 2512 1344 2556 com-

203 2607 315 2690 plures
338 2606 526 2672 adhibuisse
551 2605 657 2672 fontes
678 2607 821 2691 primum
846 2606 922 2671 inde
944 2605 1105 2689 intellegi,
1136 2604 1224 2689 quod
1247 2603 1342 2670 unius

207 2718 364 2803 cuiusque
386 2719 561 2785 schematis
593 2718 775 2804 complures
799 2718 949 2803 proferat
970 2717 1192 2798 definitiones3
1227 2717 1343 2782 deinde

209 2831 417 2919 quodmodo
446 2854 520 2897 cum
550 2832 679 2897 Donato
708 2830 806 2896 modo
834 2853 908 2897 oum
931 2830 1079 2897 Charisia
1102 2828 1344 2914 Sacerdoteque

206 2944 237 3008 ei
259 2944 447 3026 conveniat3
480 2944 620 3027 denique
651 2943 739 3028 qnod
769 2943 883 3010 eadem
914 2941 1138 3009 definitionum
1163 2941 1343 3009 formarum

206 3055 378 3122 diuersitas
400 3055 518 3128 hocin
541 3056 648 3139 capite
671 3061 771 3137 atque
800 3055 834 3119 in
856 3054 1069 3121 antecedente
1092 3060 1252 3121 occurrat.
1297 3056 1344 3120 Ac

205 3188 246 3233 ne
269 3167 343 3251 quis
366 3167 492 3234 diceret
513 3187 624 3232 omnes
647 3167 878 3250 grammaticos
908 3187 948 3232 ex
978 3186 1051 3243 uno
1066 3166 1244 3251 eodemque
1265 3188 1344 3252 peu·

206 3280 284 3346 dere
307 3280 416 3348 fonte:
444 3280 509 3345 hoc
538 3279 623 3345 enim
653 3278 717 3343 hac
746 3299 782 3344 re
806 3278 927 3360 refelli,
959 3278 1046 3364 quod
1068 3280 1156 3364 apud
1179 3280 1344 3345 Donatum
1409 3262 1411 3266 ’

206 3392 298 3459 nulla
320 3393 520 3460 inveniretur
543 3391 702 3474 definitio,
724 3413 810 3477 qnae
832 3391 946 3458 itidem
968 3392 1057 3477 apud
1079 3392 1263 3460 Charisium
1286 3393 1344 3459 Sa·

209 3506 440 3591 cerdotemque
459 3505 591 3592 prolata
613 3511 726 3572 esset«

311 3618 436 3699 Quibus
464 3640 505 3686 ex
537 3618 737 3703 argumentis
771 3619 829 3684 uni
863 3624 992 3686 tautum
1025 3620 1136 3704 aliqua
1169 3618 1345 3693 tribuenda

207 3737 258 3796 est
279 3732 336 3797 ris.
381 3731 467 3813 Quid
495 3731 580 3797 enim
602 3730 665 3797 hoc
687 3729 825 3817 probat,
849 3732 936 3817 quod
959 3733 1142 3818 complures
1166 3732 1261 3798 unius
1289 3751 1344 3795 ex·

206 3849 280 3909 tant
309 3843 483 3911 schematis
516 3843 743 3910 definitiones?
787 3844 1084 3911 Demonstrandum
1109 3849 1181 3909 erat
1211 3842 1344 3908 Knmm·

207 3956 306 4022 rowio
328 3957 478 4023 omnibus
495 3956 651 4040 cuiusque
674 3956 762 4022 tituli
777 3956 1020 4022 definitionibus
1039 3957 1127 4022 idem
1146 3955 1218 4021 aliis
1236 3955 1344 4021 verbis

208 4068 350 4135 describi
384 4068 524 4135 schema.
573 4069 675 4134 Immo
710 4067 799 4152 apud
828 4068 1018 4141 Diomedem
1055 4067 1151 4132 unius
1187 4067 1344 4151 cuiusque

208 4181 383 4247 schematis
407 4181 592 4266 complures
615 4180 845 4244 discernuntur
867 4181 1002 4264 species.
