<?xml version="1.0" encoding="UTF-8"?>
<!DOCTYPE html PUBLIC "-//W3C//DTD XHTML 1.0 Transitional//EN"
    "http://www.w3.org/TR/xhtml1/DTD/xhtml1-transitional.dtd">
<html xmlns="http://www.w3.org/1999/xhtml" xml:lang="en" lang="en">
 <head>
  <title>
</title>
<meta http-equiv="Content-Type" content="text/html;charset=utf-8" />
  <meta name='ocr-system' content='tesseract 3.04.00' />
  <meta name='ocr-capabilities' content='ocr_page ocr_carea ocr_par ocr_line ocrx_word'/>
</head>
<body>
  <div class='ocr_page' id='page_1' title='image "./quaestionesgram00meyegoog_0010.png"; bbox 0 0 3150 4642; ppageno 0'>
   <div class='ocr_carea' id='block_1_1' title="bbox 239 161 945 271">
    <p class='ocr_par' dir='ltr' id='par_1_1' title="bbox 239 153 945 316">
     <span class='ocr_line' id='line_1_1' title="bbox 239 161 945 271; baseline 0.02 -72"><span class='ocrx_word' id='word_1_1' title='bbox 239 161 322 223; x_wconf 72' lang='lat'><strong>·3·.‘</strong></span> <span class='ocrx_word' id='word_1_2' title='bbox 733 245 772 256; x_wconf 90' lang='lat'><strong>...</strong></span> <span class='ocrx_word' id='word_1_3' title='bbox 827 212 848 271; x_wconf 68' lang='lat'>4</span> <span class='ocrx_word' id='word_1_4' title='bbox 902 243 945 255; x_wconf 54' lang='lat'>-</span> 
     </span>
    </p>
   </div>
   <div class='ocr_carea' id='block_1_2' title="bbox 256 342 1406 1252">
    <p class='ocr_par' dir='ltr' id='par_1_2' title="bbox 172 342 1406 1252">
     <span class='ocr_line' id='line_1_2' title="bbox 256 342 1406 464; baseline 0.003 -22.728"><span class='ocrx_word' id='word_1_5' title='bbox 256 342 750 461; x_wconf 61' lang='lat' dir='ltr'><strong>liiiid&#39;e&#39;·riilaplasliisdontes</strong></span> <span class='ocrx_word' id='word_1_6' title='bbox 773 379 934 444; x_wconf 89' lang='lat' dir='ltr'><strong>eruendos</strong></span> <span class='ocrx_word' id='word_1_7' title='bbox 955 381 1077 461; x_wconf 78' lang='lat' dir='ltr'><strong>utitur3</strong></span> <span class='ocrx_word' id='word_1_8' title='bbox 1100 379 1158 446; x_wconf 93' lang='lat' dir='ltr'><strong>ubi</strong></span> <span class='ocrx_word' id='word_1_9' title='bbox 1180 380 1363 464; x_wconf 80' lang='lat' dir='ltr'><strong>complures</strong></span> <span class='ocrx_word' id='word_1_10' title='bbox 1386 402 1406 444; x_wconf 91' lang='lat' dir='ltr'><strong>a</strong></span> 
     </span>
     <span class='ocr_line' id='line_1_3' title="bbox 271 489 1405 577; baseline 0.003 -24"><span class='ocrx_word' id='word_1_11' title='bbox 271 489 430 554; x_wconf 79' lang='lat' dir='ltr'>Diomede</span> <span class='ocrx_word' id='word_1_12' title='bbox 453 490 555 555; x_wconf 91' lang='lat' dir='ltr'><strong>libros</strong></span> <span class='ocrx_word' id='word_1_13' title='bbox 578 490 742 555; x_wconf 89' lang='lat' dir='ltr'><strong>adhibitos</strong></span> <span class='ocrx_word' id='word_1_14' title='bbox 765 512 846 572; x_wconf 88' lang='lat' dir='ltr'><strong>esse,</strong></span> <span class='ocrx_word' id='word_1_15' title='bbox 876 492 942 556; x_wconf 90' lang='lat' dir='ltr'><strong>iam</strong></span> <span class='ocrx_word' id='word_1_16' title='bbox 973 513 1013 557; x_wconf 91' lang='lat' dir='ltr'><strong>ex</strong></span> <span class='ocrx_word' id='word_1_17' title='bbox 1040 492 1328 577; x_wconf 76' lang='lat' dir='ltr'><strong>metaplasmorum</strong></span> <span class='ocrx_word' id='word_1_18' title='bbox 1351 492 1405 557; x_wconf 90' lang='lat' dir='ltr'><strong>de·</strong></span> 
     </span>
     <span class='ocr_line' id='line_1_4' title="bbox 267 585 1404 688; baseline 0.002 -21"><span class='ocrx_word' id='word_1_19' title='bbox 267 601 451 668; x_wconf 90' lang='lat' dir='ltr'><strong>finitionum</strong></span> <span class='ocrx_word' id='word_1_20' title='bbox 473 602 602 668; x_wconf 88' lang='lat' dir='ltr'><strong>diversa</strong></span> <span class='ocrx_word' id='word_1_21' title='bbox 616 585 782 688; x_wconf 42' lang='lat' dir='ltr'><strong>&#39;cognosci</strong></span> <span class='ocrx_word' id='word_1_22' title='bbox 811 603 931 686; x_wconf 83' lang='lat' dir='ltr'><strong>forma3</strong></span> <span class='ocrx_word' id='word_1_23' title='bbox 959 603 1056 670; x_wconf 90' lang='lat' dir='ltr'><strong>huius</strong></span> <span class='ocrx_word' id='word_1_24' title='bbox 1089 605 1173 670; x_wconf 89' lang='lat' dir='ltr'><strong>euim</strong></span> <span class='ocrx_word' id='word_1_25' title='bbox 1197 605 1323 670; x_wconf 85' lang='lat' dir='ltr'><strong>ratione</strong></span> <span class='ocrx_word' id='word_1_26' title='bbox 1346 605 1404 669; x_wconf 92' lang='lat' dir='ltr'><strong>ha-</strong></span> 
     </span>
     <span class='ocr_line' id='line_1_5' title="bbox 267 714 1405 802; baseline 0.002 -22"><span class='ocrx_word' id='word_1_27' title='bbox 267 715 339 780; x_wconf 91' lang='lat' dir='ltr'><strong>bita</strong></span> <span class='ocrx_word' id='word_1_28' title='bbox 361 714 442 780; x_wconf 92' lang='lat' dir='ltr'><strong>duas</strong></span> <span class='ocrx_word' id='word_1_29' title='bbox 463 736 559 800; x_wconf 92' lang='lat' dir='ltr'><strong>posse</strong></span> <span class='ocrx_word' id='word_1_30' title='bbox 583 717 733 800; x_wconf 90' lang='lat' dir='ltr'><strong>componi</strong></span> <span class='ocrx_word' id='word_1_31' title='bbox 755 715 977 782; x_wconf 89' lang='lat' dir='ltr'><strong>definitionum</strong></span> <span class='ocrx_word' id='word_1_32' title='bbox 1000 718 1118 797; x_wconf 81' lang='lat' dir='ltr'><strong>series,</strong></span> <span class='ocrx_word' id='word_1_33' title='bbox 1149 717 1225 802; x_wconf 84' lang='lat' dir='ltr'><strong>(vid.</strong></span> <span class='ocrx_word' id='word_1_34' title='bbox 1254 740 1285 802; x_wconf 92' lang='lat' dir='ltr'><strong>p.</strong></span> <span class='ocrx_word' id='word_1_35' title='bbox 1311 723 1349 782; x_wconf 88' lang='grc'><strong>16</strong></span> <span class='ocrx_word' id='word_1_36' title='bbox 1372 722 1405 782; x_wconf 95' lang='lat' dir='ltr'><strong>et</strong></span> 
     </span>
     <span class='ocr_line' id='line_1_6' title="bbox 270 827 1405 911; baseline 0.004 -21"><span class='ocrx_word' id='word_1_37' title='bbox 270 828 323 911; x_wconf 83' lang='grc'><strong>17)</strong></span> <span class='ocrx_word' id='word_1_38' title='bbox 347 827 487 911; x_wconf 87' lang='lat' dir='ltr'><strong>quarum</strong></span> <span class='ocrx_word' id='word_1_39' title='bbox 509 828 614 893; x_wconf 90' lang='lat' dir='ltr'><strong>altera</strong></span> <span class='ocrx_word' id='word_1_40' title='bbox 637 828 679 893; x_wconf 92' lang='lat' dir='ltr'><strong>ad</strong></span> <span class='ocrx_word' id='word_1_41' title='bbox 700 828 848 909; x_wconf 82' lang='lat' dir='ltr'>Charisii,</span> <span class='ocrx_word' id='word_1_42' title='bbox 871 829 976 894; x_wconf 89' lang='lat' dir='ltr'><strong>altera</strong></span> <span class='ocrx_word' id='word_1_43' title='bbox 1003 829 1046 894; x_wconf 88' lang='lat' dir='ltr'><strong>ad</strong></span> <span class='ocrx_word' id='word_1_44' title='bbox 1068 830 1331 896; x_wconf 84' lang='lat' dir='ltr'><strong>Donatiiontem</strong></span> <span class='ocrx_word' id='word_1_45' title='bbox 1354 851 1405 894; x_wconf 90' lang='lat' dir='ltr'><strong>re-</strong></span> 
     </span>
     <span class='ocr_line' id='line_1_7' title="bbox 268 930 1405 1026; baseline 0.002 -22"><span class='ocrx_word' id='word_1_46' title='bbox 268 939 353 1004; x_wconf 88' lang='lat' dir='ltr'><strong>deat.</strong></span> <span class='ocrx_word' id='word_1_47' title='bbox 407 940 571 1006; x_wconf 76' lang='lat' dir='ltr'>Accedere</span> <span class='ocrx_word' id='word_1_48' title='bbox 603 940 690 1025; x_wconf 92' lang='lat' dir='ltr'><strong>quod</strong></span> <span class='ocrx_word' id='word_1_49' title='bbox 720 942 755 1006; x_wconf 88' lang='lat' dir='ltr'><strong>in</strong></span> <span class='ocrx_word' id='word_1_50' title='bbox 783 942 886 1026; x_wconf 90' lang='lat' dir='ltr'><strong>ipsius</strong></span> <span class='ocrx_word' id='word_1_51' title='bbox 915 942 1082 1008; x_wconf 90' lang='lat' dir='ltr'><strong>Diomedis</strong></span> <span class='ocrx_word' id='word_1_52' title='bbox 1113 930 1232 1009; x_wconf 85' lang='lat' dir='ltr'><strong>verbis</strong></span> <span class='ocrx_word' id='word_1_53' title='bbox 1249 942 1405 1008; x_wconf 88' lang='lat' dir='ltr'><strong>nonnulla</strong></span> 
     </span>
     <span class='ocr_line' id='line_1_8' title="bbox 267 1054 1403 1139; baseline 0.002 -21"><span class='ocrx_word' id='word_1_54' title='bbox 267 1054 563 1137; x_wconf 86' lang='lat' dir='ltr'><strong>exstent-vestigia,</strong></span> <span class='ocrx_word' id='word_1_55' title='bbox 587 1054 705 1138; x_wconf 91' lang='lat' dir='ltr'><strong>quibus</strong></span> <span class='ocrx_word' id='word_1_56' title='bbox 731 1054 914 1139; x_wconf 85' lang='lat' dir='ltr'><strong>complures</strong></span> <span class='ocrx_word' id='word_1_57' title='bbox 937 1076 1011 1121; x_wconf 91' lang='lat' dir='ltr'><strong>eum</strong></span> <span class='ocrx_word' id='word_1_58' title='bbox 1033 1055 1142 1121; x_wconf 83' lang='lat' dir='ltr'><strong>fontes</strong></span> <span class='ocrx_word' id='word_1_59' title='bbox 1166 1055 1403 1121; x_wconf 80' lang='lat' dir='ltr'><strong>contaminasse</strong></span> 
     </span>
     <span class='ocr_line' id='line_1_9' title="bbox 265 1166 1403 1252; baseline 0.002 -22"><span class='ocrx_word' id='word_1_60' title='bbox 265 1167 372 1250; x_wconf 88' lang='lat' dir='ltr'><strong>primo</strong></span> <span class='ocrx_word' id='word_1_61' title='bbox 391 1166 508 1232; x_wconf 89' lang='lat' dir='ltr'><strong>obtutu</strong></span> <span class='ocrx_word' id='word_1_62' title='bbox 531 1167 739 1251; x_wconf 90' lang='lat' dir='ltr'><strong>perspicuum</strong></span> <span class='ocrx_word' id='word_1_63' title='bbox 764 1168 832 1233; x_wconf 88' lang='lat' dir='ltr'><strong>fiat.</strong></span> <span class='ocrx_word' id='word_1_64' title='bbox 877 1168 961 1239; x_wconf 88' lang='lat' dir='ltr'><strong>Nam</strong></span> <span class='ocrx_word' id='word_1_65' title='bbox 983 1170 1070 1252; x_wconf 87' lang='lat' dir='ltr'><strong>(pag.</strong></span> <span class='ocrx_word' id='word_1_66' title='bbox 1096 1169 1150 1252; x_wconf 84' lang='lat'><strong>17)</strong></span> <span class='ocrx_word' id='word_1_67' title='bbox 1171 1169 1223 1248; x_wconf 89' lang='lat' dir='ltr'><strong>„in</strong></span> <span class='ocrx_word' id='word_1_68' title='bbox 1246 1168 1403 1252; x_wconf 88' lang='lat' dir='ltr'><strong>aphaere-</strong></span> 
     </span>
    </p>
   </div>
   <div class='ocr_carea' id='block_1_3' title="bbox 144 1279 1404 1366">
    <p class='ocr_par' dir='ltr' id='par_1_3' title="bbox 144 1279 1404 1366">
     <span class='ocr_line' id='line_1_10' title="bbox 144 1279 1404 1366; baseline 0.004 -26"><span class='ocrx_word' id='word_1_69' title='bbox 144 1332 148 1339; x_wconf 90' lang='lat'><strong>.</strong></span> <span class='ocrx_word' id='word_1_70' title='bbox 267 1300 340 1353; x_wconf 92' lang='lat' dir='ltr'><strong>seos</strong></span> <span class='ocrx_word' id='word_1_71' title='bbox 363 1279 579 1363; x_wconf 83' lang='lat' dir='ltr'><strong>explicatione</strong></span> <span class='ocrx_word' id='word_1_72' title='bbox 607 1279 738 1345; x_wconf 79' lang='lat' dir='ltr'><strong>disertis</strong></span> <span class='ocrx_word' id='word_1_73' title='bbox 769 1281 877 1346; x_wconf 86' lang='lat' dir='ltr'><strong>verbis</strong></span> <span class='ocrx_word' id='word_1_74' title='bbox 905 1281 1009 1366; x_wconf 87' lang='lat' dir='ltr'><strong>priori</strong></span> <span class='ocrx_word' id='word_1_75' title='bbox 1038 1280 1235 1346; x_wconf 86' lang='lat' dir='ltr'><strong>definitioni:</strong></span> <span class='ocrx_word' id='word_1_76' title='bbox 1265 1281 1404 1365; x_wconf 87' lang='lat' dir='ltr'><strong>,Aphae-</strong></span> 
     </span>
    </p>
   </div>
   <div class='ocr_carea' id='block_1_4' title="bbox 262 1392 1403 2717">
    <p class='ocr_par' dir='ltr' id='par_1_4' title="bbox 264 1392 1403 2153">
     <span class='ocr_line' id='line_1_11' title="bbox 267 1392 1403 1478; baseline 0.001 -22"><span class='ocrx_word' id='word_1_77' title='bbox 267 1392 350 1457; x_wconf 90' lang='lat' dir='ltr'><strong>resis</strong></span> <span class='ocrx_word' id='word_1_78' title='bbox 362 1397 411 1456; x_wconf 91' lang='lat' dir='ltr'><strong>est</strong></span> <span class='ocrx_word' id='word_1_79' title='bbox 425 1413 529 1475; x_wconf 87' lang='lat' dir='ltr'><strong>aeque</strong></span> <span class='ocrx_word' id='word_1_80' title='bbox 544 1392 705 1475; x_wconf 85' lang='lat' dir='ltr'><strong>generalis</strong></span> <span class='ocrx_word' id='word_1_81' title='bbox 714 1394 958 1477; x_wconf 84' lang='lat' dir='ltr'><strong>metaplasmus,</strong></span> <span class='ocrx_word' id='word_1_82' title='bbox 970 1394 1027 1477; x_wconf 86' lang='lat' dir='ltr'><strong>qui</strong></span> <span class='ocrx_word' id='word_1_83' title='bbox 1038 1393 1076 1458; x_wconf 90' lang='lat' dir='ltr'><strong>fit</strong></span> <span class='ocrx_word' id='word_1_84' title='bbox 1087 1414 1146 1478; x_wconf 93' lang='lat' dir='ltr'><strong>per</strong></span> <span class='ocrx_word' id='word_1_85' title='bbox 1159 1393 1403 1472; x_wconf 87' lang='lat' dir='ltr'><strong>detractionem,</strong></span> 
     </span>
     <span class='ocr_line' id='line_1_12' title="bbox 274 1504 1403 1588; baseline 0.001 -19"><span class='ocrx_word' id='word_1_86' title='bbox 274 1505 332 1569; x_wconf 89' lang='lat' dir='ltr'><strong>sed</strong></span> <span class='ocrx_word' id='word_1_87' title='bbox 362 1505 547 1588; x_wconf 86' lang='lat' dir='ltr'><strong>specialiter</strong></span> <span class='ocrx_word' id='word_1_88' title='bbox 580 1504 781 1570; x_wconf 87' lang='lat' dir='ltr'><strong>observatur&#39;</strong></span> <span class='ocrx_word' id='word_1_89' title='bbox 814 1505 952 1571; x_wconf 89' lang='lat' dir='ltr'><strong>alteram</strong></span> <span class='ocrx_word' id='word_1_90' title='bbox 990 1507 1037 1571; x_wconf 91' lang='lat' dir='ltr'><strong>sic</strong></span> <span class='ocrx_word' id='word_1_91' title='bbox 1067 1505 1213 1571; x_wconf 86' lang='lat' dir='ltr'><strong>adnecti:</strong></span> <span class='ocrx_word' id='word_1_92' title='bbox 1253 1510 1330 1570; x_wconf 82' lang='lat' dir='ltr'><strong>Item</strong></span> <span class='ocrx_word' id='word_1_93' title='bbox 1365 1512 1403 1570; x_wconf 81' lang='lat' dir='ltr'><strong>de</strong></span> 
     </span>
     <span class='ocr_line' id='line_1_13' title="bbox 268 1618 1403 1702; baseline 0.001 -21"><span class='ocrx_word' id='word_1_94' title='bbox 268 1623 442 1696; x_wconf 77' lang='lat' dir='ltr'><strong>upbaercsi</strong></span> <span class='ocrx_word' id='word_1_95' title='bbox 487 1624 668 1697; x_wconf 78' lang='lat' dir='ltr'><strong>aphaeresis</strong></span> <span class='ocrx_word' id='word_1_96' title='bbox 692 1628 738 1682; x_wconf 81' lang='lat' dir='ltr'><strong>cst</strong></span> <span class='ocrx_word' id='word_1_97' title='bbox 759 1623 872 1683; x_wconf 85' lang='lat' dir='ltr'><strong>ablatio</strong></span> <span class='ocrx_word' id='word_1_98' title='bbox 900 1640 926 1684; x_wconf 91' lang='lat' dir='ltr'><strong>e.</strong></span> <span class='ocrx_word' id='word_1_99' title='bbox 943 1640 973 1702; x_wconf 86' lang='lat' dir='ltr'><strong>q.</strong></span> <span class='ocrx_word' id='word_1_100' title='bbox 987 1640 1012 1684; x_wconf 89' lang='lat' dir='ltr'><strong>s.</strong></span> <span class='ocrx_word' id='word_1_101' title='bbox 1057 1618 1142 1698; x_wconf 80' lang='lat' dir='ltr'><strong>Quid</strong></span> <span class='ocrx_word' id='word_1_102' title='bbox 1165 1619 1268 1699; x_wconf 86' lang='lat' dir='ltr'><strong>euim,</strong></span> <span class='ocrx_word' id='word_1_103' title='bbox 1296 1618 1403 1701; x_wconf 91' lang='lat' dir='ltr'><strong>inquit</strong></span> 
     </span>
     <span class='ocr_line' id='line_1_14' title="bbox 266 1729 1402 1810; baseline 0 -16"><span class='ocrx_word' id='word_1_104' title='bbox 266 1729 522 1810; x_wconf 89' lang='lat' dir='ltr'><strong>Kummrowius‚</strong></span> <span class='ocrx_word' id='word_1_105' title='bbox 553 1731 616 1796; x_wconf 91' lang='lat' dir='ltr'><strong>sibi</strong></span> <span class='ocrx_word' id='word_1_106' title='bbox 637 1730 750 1797; x_wconf 85' lang='lat' dir='ltr'><strong>volunt</strong></span> <span class='ocrx_word' id='word_1_107' title='bbox 769 1730 871 1797; x_wconf 83' lang='lat' dir='ltr'><strong>verba</strong></span> <span class='ocrx_word' id='word_1_108' title='bbox 891 1737 962 1796; x_wconf 82' lang='lat' dir='ltr'><strong>item</strong></span> <span class='ocrx_word' id='word_1_109' title='bbox 985 1739 1026 1797; x_wconf 82' lang='lat' dir='ltr'><strong>de</strong></span> <span class='ocrx_word' id='word_1_110' title='bbox 1048 1736 1214 1810; x_wconf 74' lang='lat' dir='ltr'><strong>aphacrcri</strong></span> <span class='ocrx_word' id='word_1_111' title='bbox 1235 1730 1298 1795; x_wconf 90' lang='lat' dir='ltr'><strong>nisi</strong></span> <span class='ocrx_word' id='word_1_112' title='bbox 1319 1730 1402 1795; x_wconf 91' lang='lat' dir='ltr'><strong>indi·</strong></span> 
     </span>
     <span class='ocr_line' id='line_1_15' title="bbox 266 1842 1403 1909; baseline 0.001 -3"><span class='ocrx_word' id='word_1_113' title='bbox 266 1848 343 1907; x_wconf 88' lang='lat' dir='ltr'><strong>cant</strong></span> <span class='ocrx_word' id='word_1_114' title='bbox 370 1842 493 1908; x_wconf 85' lang='lat' dir='ltr'><strong>iontem</strong></span> <span class='ocrx_word' id='word_1_115' title='bbox 524 1843 686 1908; x_wconf 82' lang='lat' dir='ltr'><strong>alterum?</strong></span> <span class='ocrx_word' id='word_1_116' title='bbox 719 1864 794 1908; x_wconf 90' lang='lat' dir='ltr'><strong>nam</strong></span> <span class='ocrx_word' id='word_1_117' title='bbox 825 1845 853 1908; x_wconf 94' lang='lat' dir='ltr'><strong>si</strong></span> <span class='ocrx_word' id='word_1_118' title='bbox 879 1844 937 1908; x_wconf 91' lang='lat' dir='ltr'><strong>illa</strong></span> <span class='ocrx_word' id='word_1_119' title='bbox 973 1844 1081 1908; x_wconf 90' lang='lat' dir='ltr'><strong>omnia</strong></span> <span class='ocrx_word' id='word_1_120' title='bbox 1112 1864 1153 1908; x_wconf 89' lang='lat' dir='ltr'><strong>ex</strong></span> <span class='ocrx_word' id='word_1_121' title='bbox 1188 1864 1253 1908; x_wconf 92' lang='lat' dir='ltr'><strong>uno</strong></span> <span class='ocrx_word' id='word_1_122' title='bbox 1283 1843 1403 1909; x_wconf 89' lang='lat' dir='ltr'><strong>hausta</strong></span> 
     </span>
     <span class='ocr_line' id='line_1_16' title="bbox 264 1956 1403 2042; baseline 0.001 -22"><span class='ocrx_word' id='word_1_123' title='bbox 264 1961 372 2033; x_wconf 84' lang='lat' dir='ltr'><strong>esseut</strong></span> <span class='ocrx_word' id='word_1_124' title='bbox 390 1956 491 2036; x_wconf 79' lang='lat' dir='ltr'><strong>fonte,</strong></span> <span class='ocrx_word' id='word_1_125' title='bbox 507 1956 609 2022; x_wconf 86' lang='lat' dir='ltr'><strong>verba</strong></span> <span class='ocrx_word' id='word_1_126' title='bbox 629 1963 687 2022; x_wconf 85' lang='lat' dir='ltr'><strong>sed</strong></span> <span class='ocrx_word' id='word_1_127' title='bbox 706 1962 885 2037; x_wconf 79' lang='lat' dir='ltr'><strong>specialiter</strong></span> <span class='ocrx_word' id='word_1_128' title='bbox 901 1961 1082 2022; x_wconf 79' lang='lat' dir='ltr'><strong>observatur</strong></span> <span class='ocrx_word' id='word_1_129' title='bbox 1105 1956 1217 2022; x_wconf 89' lang='lat' dir='ltr'><strong>statim</strong></span> <span class='ocrx_word' id='word_1_130' title='bbox 1236 1956 1403 2042; x_wconf 85' lang='lat' dir='ltr'><strong>exciperet</strong></span> 
     </span>
     <span class='ocr_line' id='line_1_17' title="bbox 265 2067 591 2153; baseline 0.009 -22"><span class='ocrx_word' id='word_1_131' title='bbox 265 2067 410 2134; x_wconf 90' lang='lat' dir='ltr'><strong>definitio</strong></span> <span class='ocrx_word' id='word_1_132' title='bbox 431 2068 591 2153; x_wconf 89' lang='lat' dir='ltr'><strong>specialis.</strong></span> 
     </span>
    </p>

    <p class='ocr_par' dir='ltr' id='par_1_5' title="bbox 262 2180 1401 2717">
     <span class='ocr_line' id='line_1_18' title="bbox 366 2180 1401 2265; baseline 0 -19"><span class='ocrx_word' id='word_1_133' title='bbox 366 2181 502 2247; x_wconf 89' lang='lat' dir='ltr'><strong>Praeter</strong></span> <span class='ocrx_word' id='word_1_134' title='bbox 525 2181 648 2247; x_wconf 89' lang='lat' dir='ltr'><strong>Donati</strong></span> <span class='ocrx_word' id='word_1_135' title='bbox 670 2180 875 2265; x_wconf 83' lang='lat' dir='ltr'><strong>Charisiique</strong></span> <span class='ocrx_word' id='word_1_136' title='bbox 898 2188 1049 2248; x_wconf 88' lang='lat' dir='ltr'><strong>auctores</strong></span> <span class='ocrx_word' id='word_1_137' title='bbox 1067 2182 1257 2248; x_wconf 86' lang='lat' dir='ltr'><strong>adhibuisse</strong></span> <span class='ocrx_word' id='word_1_138' title='bbox 1272 2183 1401 2248; x_wconf 89' lang='lat' dir='ltr'><strong>Diome·</strong></span> 
     </span>
     <span class='ocr_line' id='line_1_19' title="bbox 264 2293 1400 2381; baseline 0 -23"><span class='ocrx_word' id='word_1_139' title='bbox 264 2293 336 2358; x_wconf 91' lang='lat' dir='ltr'><strong>dem</strong></span> <span class='ocrx_word' id='word_1_140' title='bbox 360 2295 510 2374; x_wconf 84' lang='lat' dir='ltr'><strong>tertium,</strong></span> <span class='ocrx_word' id='word_1_141' title='bbox 542 2295 594 2359; x_wconf 92' lang='lat' dir='ltr'><strong>cui</strong></span> <span class='ocrx_word' id='word_1_142' title='bbox 617 2293 754 2374; x_wconf 89' lang='lat' dir='ltr'><strong>debeat,</strong></span> <span class='ocrx_word' id='word_1_143' title='bbox 787 2316 872 2377; x_wconf 90' lang='lat' dir='ltr'><strong>quae</strong></span> <span class='ocrx_word' id='word_1_144' title='bbox 903 2295 1018 2360; x_wconf 91' lang='lat' dir='ltr'><strong>ultimo</strong></span> <span class='ocrx_word' id='word_1_145' title='bbox 1045 2295 1118 2360; x_wconf 90' lang='lat' dir='ltr'><strong>loco</strong></span> <span class='ocrx_word' id='word_1_146' title='bbox 1141 2296 1181 2361; x_wconf 92' lang='lat' dir='ltr'><strong>de</strong></span> <span class='ocrx_word' id='word_1_147' title='bbox 1203 2295 1400 2381; x_wconf 89' lang='lat' dir='ltr'><strong>protheseon</strong></span> 
     </span>
     <span class='ocr_line' id='line_1_20' title="bbox 262 2405 1400 2493; baseline 0.002 -23"><span class='ocrx_word' id='word_1_148' title='bbox 262 2405 431 2490; x_wconf 84' lang='lat' dir='ltr'><strong>parallage</strong></span> <span class='ocrx_word' id='word_1_149' title='bbox 463 2407 640 2491; x_wconf 85' lang='lat' dir='ltr'><strong>scripserit.</strong></span> <span class='ocrx_word' id='word_1_150' title='bbox 683 2406 775 2472; x_wconf 90' lang='lat' dir='ltr'><strong>Haec</strong></span> <span class='ocrx_word' id='word_1_151' title='bbox 798 2428 816 2473; x_wconf 93' lang='lat' dir='ltr'><strong>e</strong></span> <span class='ocrx_word' id='word_1_152' title='bbox 841 2407 1027 2473; x_wconf 86' lang='lat' dir='ltr'><strong>Sacerdotis</strong></span> <span class='ocrx_word' id='word_1_153' title='bbox 1055 2407 1145 2473; x_wconf 83' lang='lat' dir='ltr'><strong>fonte</strong></span> <span class='ocrx_word' id='word_1_154' title='bbox 1168 2413 1298 2493; x_wconf 90' lang='lat' dir='ltr'><strong>sumpta</strong></span> <span class='ocrx_word' id='word_1_155' title='bbox 1320 2429 1400 2486; x_wconf 88' lang='lat' dir='ltr'><strong>esse,</strong></span> 
     </span>
     <span class='ocr_line' id='line_1_21' title="bbox 263 2517 1399 2604; baseline 0.002 -22"><span class='ocrx_word' id='word_1_156' title='bbox 263 2517 317 2602; x_wconf 90' lang='lat' dir='ltr'><strong>(of.</strong></span> <span class='ocrx_word' id='word_1_157' title='bbox 340 2540 372 2602; x_wconf 79' lang='lat' dir='ltr'><strong>p.</strong></span> <span class='ocrx_word' id='word_1_158' title='bbox 399 2521 461 2604; x_wconf 87' lang='lat'>19).</span> <span class='ocrx_word' id='word_1_159' title='bbox 506 2520 619 2603; x_wconf 88' lang='lat' dir='ltr'><strong>Neque</strong></span> <span class='ocrx_word' id='word_1_160' title='bbox 640 2521 746 2585; x_wconf 91' lang='lat' dir='ltr'><strong>minus</strong></span> <span class='ocrx_word' id='word_1_161' title='bbox 769 2520 813 2584; x_wconf 92' lang='lat' dir='ltr'><strong>ad</strong></span> <span class='ocrx_word' id='word_1_162' title='bbox 835 2519 968 2585; x_wconf 89' lang='lat' dir='ltr'><strong>tertium</strong></span> <span class='ocrx_word' id='word_1_163' title='bbox 997 2520 1169 2586; x_wconf 86' lang='lat' dir='ltr'><strong>referenda</strong></span> <span class='ocrx_word' id='word_1_164' title='bbox 1194 2541 1265 2586; x_wconf 88' lang='lat' dir='ltr'><strong>esse</strong></span> <span class='ocrx_word' id='word_1_165' title='bbox 1287 2524 1399 2585; x_wconf 91' lang='lat' dir='ltr'><strong>aucto-</strong></span> 
     </span>
     <span class='ocr_line' id='line_1_22' title="bbox 262 2631 1113 2717; baseline 0.002 -23"><span class='ocrx_word' id='word_1_166' title='bbox 262 2651 340 2711; x_wconf 84' lang='lat' dir='ltr'><strong>rem,</strong></span> <span class='ocrx_word' id='word_1_167' title='bbox 366 2653 451 2715; x_wconf 86' lang='lat' dir='ltr'><strong>quae</strong></span> <span class='ocrx_word' id='word_1_168' title='bbox 473 2631 514 2697; x_wconf 91' lang='lat' dir='ltr'><strong>de</strong></span> <span class='ocrx_word' id='word_1_169' title='bbox 535 2653 701 2717; x_wconf 81' lang='lat' dir='ltr'><strong>paragoge</strong></span> <span class='ocrx_word' id='word_1_170' title='bbox 722 2631 897 2697; x_wconf 89' lang='lat' dir='ltr'><strong>Diomedes</strong></span> <span class='ocrx_word' id='word_1_171' title='bbox 918 2633 1113 2716; x_wconf 87' lang='lat' dir='ltr'><strong>exposuerit.</strong></span> 
     </span>
    </p>
   </div>
   <div class='ocr_carea' id='block_1_5' title="bbox 364 2855 1400 2942">
    <p class='ocr_par' dir='ltr' id='par_1_6' title="bbox 364 2855 1400 2942">
     <span class='ocr_line' id='line_1_23' title="bbox 364 2855 1400 2942; baseline 0 -21"><span class='ocrx_word' id='word_1_172' title='bbox 364 2859 382 2942; x_wconf 59' lang='grc' dir='ltr'>ξ</span> <span class='ocrx_word' id='word_1_173' title='bbox 405 2861 434 2921; x_wconf 83' lang='lat'><strong>2.</strong></span> <span class='ocrx_word' id='word_1_174' title='bbox 473 2857 544 2936; x_wconf 80' lang='lat' dir='ltr'><strong>Qua</strong></span> <span class='ocrx_word' id='word_1_175' title='bbox 558 2857 592 2921; x_wconf 91' lang='lat' dir='ltr'><strong>in</strong></span> <span class='ocrx_word' id='word_1_176' title='bbox 608 2856 810 2942; x_wconf 86' lang='lat' dir='ltr'><strong>expositione</strong></span> <span class='ocrx_word' id='word_1_177' title='bbox 825 2855 1063 2922; x_wconf 87' lang='lat' dir='ltr'><strong>Kummrowius</strong></span> <span class='ocrx_word' id='word_1_178' title='bbox 1081 2856 1161 2922; x_wconf 90' lang='lat' dir='ltr'><strong>mihi</strong></span> <span class='ocrx_word' id='word_1_179' title='bbox 1178 2857 1338 2922; x_wconf 84' lang='lat' dir='ltr'><strong>erravisse</strong></span> <span class='ocrx_word' id='word_1_180' title='bbox 1354 2858 1400 2922; x_wconf 86' lang='lat' dir='ltr'><strong>vi-</strong></span> 
     </span>
    </p>
   </div>
   <div class='ocr_carea' id='block_1_6' title="bbox 131 2966 1399 3055">
    <p class='ocr_par' dir='ltr' id='par_1_7' title="bbox 131 2966 1399 3055">
     <span class='ocr_line' id='line_1_24' title="bbox 131 2966 1399 3055; baseline 0.001 -22"><span class='ocrx_word' id='word_1_181' title='bbox 131 3020 134 3021; x_wconf 19' lang='lat'><strong>.</strong></span> <span class='ocrx_word' id='word_1_182' title='bbox 261 2966 365 3049; x_wconf 88' lang='lat' dir='ltr'><strong>detur,</strong></span> <span class='ocrx_word' id='word_1_183' title='bbox 384 2969 526 3053; x_wconf 89' lang='lat' dir='ltr'><strong>primum</strong></span> <span class='ocrx_word' id='word_1_184' title='bbox 540 2969 628 3053; x_wconf 86' lang='lat' dir='ltr'><strong>quod</strong></span> <span class='ocrx_word' id='word_1_185' title='bbox 639 2969 830 3035; x_wconf 89' lang='lat' dir='ltr'><strong>Diomedem</strong></span> <span class='ocrx_word' id='word_1_186' title='bbox 844 2991 904 3055; x_wconf 87' lang='lat' dir='ltr'><strong>per</strong></span> <span class='ocrx_word' id='word_1_187' title='bbox 917 2974 1021 3035; x_wconf 86' lang='lat' dir='ltr'><strong>totam</strong></span> <span class='ocrx_word' id='word_1_188' title='bbox 1038 2974 1142 3035; x_wconf 89' lang='lat' dir='ltr'><strong>artem</strong></span> <span class='ocrx_word' id='word_1_189' title='bbox 1158 2969 1273 3035; x_wconf 88' lang='lat' dir='ltr'><strong>eadem</strong></span> <span class='ocrx_word' id='word_1_190' title='bbox 1286 2969 1363 3035; x_wconf 90' lang='lat' dir='ltr'><strong>libri</strong></span> <span class='ocrx_word' id='word_1_191' title='bbox 1382 2991 1399 3034; x_wconf 95' lang='lat' dir='ltr'><strong>e</strong></span> 
     </span>
    </p>
   </div>
   <div class='ocr_carea' id='block_1_7' title="bbox 257 3081 1401 4293">
    <p class='ocr_par' dir='ltr' id='par_1_8' title="bbox 257 3081 1401 4293">
     <span class='ocr_line' id='line_1_25' title="bbox 260 3081 1399 3168; baseline -0.001 -22"><span class='ocrx_word' id='word_1_192' title='bbox 260 3081 406 3147; x_wconf 87' lang='lat' dir='ltr'><strong>fontibus</strong></span> <span class='ocrx_word' id='word_1_193' title='bbox 424 3081 649 3148; x_wconf 87' lang='lat' dir='ltr'><strong>conscribendi</strong></span> <span class='ocrx_word' id='word_1_194' title='bbox 671 3083 798 3149; x_wconf 88' lang='lat' dir='ltr'><strong>ratione</strong></span> <span class='ocrx_word' id='word_1_195' title='bbox 815 3104 910 3149; x_wconf 90' lang='lat' dir='ltr'><strong>usum</strong></span> <span class='ocrx_word' id='word_1_196' title='bbox 931 3104 1003 3148; x_wconf 91' lang='lat' dir='ltr'><strong>esse</strong></span> <span class='ocrx_word' id='word_1_197' title='bbox 1026 3083 1187 3168; x_wconf 89' lang='lat' dir='ltr'><strong>opinatur,</strong></span> <span class='ocrx_word' id='word_1_198' title='bbox 1208 3104 1274 3166; x_wconf 90' lang='lat' dir='ltr'><strong>qua</strong></span> <span class='ocrx_word' id='word_1_199' title='bbox 1294 3083 1399 3167; x_wconf 91' lang='lat' dir='ltr'><strong>primo</strong></span> 
     </span>
     <span class='ocr_line' id='line_1_26' title="bbox 260 3186 1401 3280; baseline 0.002 -23"><span class='ocrx_word' id='word_1_200' title='bbox 260 3194 294 3258; x_wconf 91' lang='lat' dir='ltr'><strong>in</strong></span> <span class='ocrx_word' id='word_1_201' title='bbox 318 3195 425 3278; x_wconf 90' lang='lat' dir='ltr'><strong>operis</strong></span> <span class='ocrx_word' id='word_1_202' title='bbox 449 3195 556 3279; x_wconf 92' lang='lat' dir='ltr'><strong>capite</strong></span> <span class='ocrx_word' id='word_1_203' title='bbox 579 3218 657 3261; x_wconf 91' lang='lat' dir='ltr'><strong>usus</strong></span> <span class='ocrx_word' id='word_1_204' title='bbox 680 3197 731 3261; x_wconf 90' lang='lat' dir='ltr'><strong>sit.</strong></span> <span class='ocrx_word' id='word_1_205' title='bbox 777 3196 902 3276; x_wconf 83' lang='lat' dir='ltr'><strong>Quibus</strong></span> <span class='ocrx_word' id='word_1_206' title='bbox 925 3197 1125 3280; x_wconf 88' lang='lat' dir='ltr'><strong>argumentis</strong></span> <span class='ocrx_word' id='word_1_207' title='bbox 1138 3186 1223 3260; x_wconf 39' lang='lat' dir='ltr'><strong>‘talis</strong></span> <span class='ocrx_word' id='word_1_208' title='bbox 1239 3195 1401 3260; x_wconf 88' lang='lat' dir='ltr'><strong>sententia</strong></span> 
     </span>
     <span class='ocr_line' id='line_1_27' title="bbox 259 3306 1399 3393; baseline 0.001 -22"><span class='ocrx_word' id='word_1_209' title='bbox 259 3306 320 3371; x_wconf 90' lang='lat' dir='ltr'><strong>niti</strong></span> <span class='ocrx_word' id='word_1_210' title='bbox 339 3307 452 3391; x_wconf 81' lang='lat' dir='ltr'><strong>possit,</strong></span> <span class='ocrx_word' id='word_1_211' title='bbox 475 3309 594 3372; x_wconf 91' lang='lat' dir='ltr'><strong>nescio.</strong></span> <span class='ocrx_word' id='word_1_212' title='bbox 638 3308 741 3374; x_wconf 94' lang='lat' dir='ltr'><strong>Immo</strong></span> <span class='ocrx_word' id='word_1_213' title='bbox 771 3331 845 3374; x_wconf 93' lang='lat' dir='ltr'><strong>cum</strong></span> <span class='ocrx_word' id='word_1_214' title='bbox 874 3330 934 3393; x_wconf 91' lang='lat' dir='ltr'><strong>per</strong></span> <span class='ocrx_word' id='word_1_215' title='bbox 957 3330 991 3373; x_wconf 91' lang='lat' dir='ltr'><strong>se</strong></span> <span class='ocrx_word' id='word_1_216' title='bbox 1013 3307 1187 3375; x_wconf 85' lang='lat' dir='ltr'><strong>verisimile</strong></span> <span class='ocrx_word' id='word_1_217' title='bbox 1210 3308 1267 3388; x_wconf 85' lang='lat' dir='ltr'><strong>sit,</strong></span> <span class='ocrx_word' id='word_1_218' title='bbox 1292 3327 1399 3392; x_wconf 89' lang='lat' dir='ltr'><strong>gram-</strong></span> 
     </span>
     <span class='ocr_line' id='line_1_28' title="bbox 260 3419 1399 3505; baseline 0 -21"><span class='ocrx_word' id='word_1_219' title='bbox 260 3420 397 3484; x_wconf 89' lang='lat' dir='ltr'><strong>maticos</strong></span> <span class='ocrx_word' id='word_1_220' title='bbox 419 3419 516 3484; x_wconf 91' lang='lat' dir='ltr'><strong>modo</strong></span> <span class='ocrx_word' id='word_1_221' title='bbox 538 3442 638 3485; x_wconf 88' lang='lat' dir='ltr'><strong>unum</strong></span> <span class='ocrx_word' id='word_1_222' title='bbox 670 3421 766 3486; x_wconf 91' lang='lat' dir='ltr'><strong>modo</strong></span> <span class='ocrx_word' id='word_1_223' title='bbox 790 3422 900 3505; x_wconf 92' lang='lat' dir='ltr'><strong>plures</strong></span> <span class='ocrx_word' id='word_1_224' title='bbox 924 3419 1135 3505; x_wconf 87' lang='lat' dir='ltr'><strong>exscripsisse</strong></span> <span class='ocrx_word' id='word_1_225' title='bbox 1157 3419 1279 3498; x_wconf 85' lang='lat' dir='ltr'><strong>fontes,</strong></span> <span class='ocrx_word' id='word_1_226' title='bbox 1302 3419 1399 3485; x_wconf 92' lang='lat' dir='ltr'><strong>modo</strong></span> 
     </span>
     <span class='ocr_line' id='line_1_29' title="bbox 258 3530 1398 3617; baseline 0 -20"><span class='ocrx_word' id='word_1_227' title='bbox 258 3531 523 3617; x_wconf 74' lang='lat' dir='ltr'><strong>bunotauquam</strong></span> <span class='ocrx_word' id='word_1_228' title='bbox 545 3530 661 3598; x_wconf 89' lang='lat' dir='ltr'><strong>ducem</strong></span> <span class='ocrx_word' id='word_1_229' title='bbox 686 3533 778 3617; x_wconf 88' lang='lat' dir='ltr'><strong>sequi</strong></span> <span class='ocrx_word' id='word_1_230' title='bbox 802 3554 843 3597; x_wconf 89' lang='lat' dir='ltr'><strong>ex</strong></span> <span class='ocrx_word' id='word_1_231' title='bbox 863 3533 920 3598; x_wconf 95' lang='lat' dir='ltr'><strong>illo</strong></span> <span class='ocrx_word' id='word_1_232' title='bbox 941 3532 1057 3617; x_wconf 89' lang='lat' dir='ltr'><strong>paucis</strong></span> <span class='ocrx_word' id='word_1_233' title='bbox 1082 3531 1220 3612; x_wconf 88' lang='lat' dir='ltr'><strong>additis,</strong></span> <span class='ocrx_word' id='word_1_234' title='bbox 1243 3532 1340 3598; x_wconf 93' lang='lat' dir='ltr'><strong>modo</strong></span> <span class='ocrx_word' id='word_1_235' title='bbox 1360 3533 1398 3597; x_wconf 92' lang='lat' dir='ltr'><strong>il-</strong></span> 
     </span>
     <span class='ocr_line' id='line_1_30' title="bbox 257 3644 1399 3730; baseline -0.001 -21"><span class='ocrx_word' id='word_1_236' title='bbox 257 3645 325 3710; x_wconf 90' lang='lat' dir='ltr'><strong>lum</strong></span> <span class='ocrx_word' id='word_1_237' title='bbox 346 3651 544 3730; x_wconf 88' lang='lat' dir='ltr'><strong>praeoptare</strong></span> <span class='ocrx_word' id='word_1_238' title='bbox 576 3668 615 3711; x_wconf 88' lang='lat' dir='ltr'><strong>ex</strong></span> <span class='ocrx_word' id='word_1_239' title='bbox 647 3646 710 3711; x_wconf 93' lang='lat' dir='ltr'><strong>hoc</strong></span> <span class='ocrx_word' id='word_1_240' title='bbox 732 3645 846 3730; x_wconf 89' lang='lat' dir='ltr'><strong>paucis</strong></span> <span class='ocrx_word' id='word_1_241' title='bbox 867 3644 1134 3711; x_wconf 87' lang='lat' dir='ltr'><strong>adnotationibus</strong></span> <span class='ocrx_word' id='word_1_242' title='bbox 1160 3644 1314 3725; x_wconf 85' lang='lat' dir='ltr'><strong>adiectis,</strong></span> <span class='ocrx_word' id='word_1_243' title='bbox 1336 3645 1399 3709; x_wconf 90' lang='lat' dir='ltr'><strong>hoc</strong></span> 
     </span>
     <span class='ocr_line' id='line_1_31' title="bbox 257 3757 1399 3843; baseline -0.002 -20"><span class='ocrx_word' id='word_1_244' title='bbox 257 3764 374 3843; x_wconf 90' lang='lat' dir='ltr'><strong>postea</strong></span> <span class='ocrx_word' id='word_1_245' title='bbox 398 3759 509 3823; x_wconf 92' lang='lat' dir='ltr'><strong>multis</strong></span> <span class='ocrx_word' id='word_1_246' title='bbox 532 3759 613 3823; x_wconf 91' lang='lat' dir='ltr'><strong>locis</strong></span> <span class='ocrx_word' id='word_1_247' title='bbox 636 3757 788 3824; x_wconf 89' lang='lat' dir='ltr'><strong>elucebit.</strong></span> <span class='ocrx_word' id='word_1_248' title='bbox 834 3758 942 3837; x_wconf 85' lang='lat' dir='ltr'><strong>Quare</strong></span> <span class='ocrx_word' id='word_1_249' title='bbox 965 3759 1144 3823; x_wconf 85' lang='lat' dir='ltr'><strong>cavendum</strong></span> <span class='ocrx_word' id='word_1_250' title='bbox 1167 3762 1225 3837; x_wconf 89' lang='lat' dir='ltr'><strong>est,</strong></span> <span class='ocrx_word' id='word_1_251' title='bbox 1248 3776 1298 3838; x_wconf 86' lang='lat' dir='ltr'><strong>ne,</strong></span> <span class='ocrx_word' id='word_1_252' title='bbox 1319 3777 1399 3840; x_wconf 77' lang='lat' dir='ltr'><strong>quo-</strong></span> 
     </span>
     <span class='ocr_line' id='line_1_32' title="bbox 257 3869 1398 3954; baseline -0.002 -19"><span class='ocrx_word' id='word_1_253' title='bbox 257 3872 346 3936; x_wconf 87' lang='lat' dir='ltr'><strong>niam</strong></span> <span class='ocrx_word' id='word_1_254' title='bbox 367 3871 401 3934; x_wconf 90' lang='lat' dir='ltr'><strong>in</strong></span> <span class='ocrx_word' id='word_1_255' title='bbox 424 3869 587 3936; x_wconf 87' lang='lat' dir='ltr'><strong>nonnullis</strong></span> <span class='ocrx_word' id='word_1_256' title='bbox 606 3869 853 3936; x_wconf 54' lang='lat' dir='ltr'><strong>‘conscribendis</strong></span> <span class='ocrx_word' id='word_1_257' title='bbox 876 3869 1039 3954; x_wconf 89' lang='lat' dir='ltr'><strong>capitibus</strong></span> <span class='ocrx_word' id='word_1_258' title='bbox 1057 3869 1247 3934; x_wconf 91' lang='lat' dir='ltr'><strong>Diomedem</strong></span> <span class='ocrx_word' id='word_1_259' title='bbox 1271 3890 1295 3934; x_wconf 91' lang='lat' dir='ltr'><strong>e·</strong></span> <span class='ocrx_word' id='word_1_260' title='bbox 1311 3891 1398 3935; x_wconf 94' lang='lat' dir='ltr'><strong>com-</strong></span> 
     </span>
     <span class='ocr_line' id='line_1_33' title="bbox 257 3982 1398 4068; baseline 0.004 -20"><span class='ocrx_word' id='word_1_261' title='bbox 257 3983 406 4068; x_wconf 89' lang='lat' dir='ltr'><strong>pluribus</strong></span> <span class='ocrx_word' id='word_1_262' title='bbox 444 3983 593 4048; x_wconf 85' lang='lat' dir='ltr'><strong>hausisse</strong></span> <span class='ocrx_word' id='word_1_263' title='bbox 629 3982 775 4053; x_wconf 88' lang='lat' dir='ltr'><strong>foutibus</strong></span> <span class='ocrx_word' id='word_1_264' title='bbox 810 3983 965 4063; x_wconf 86' lang='lat' dir='ltr'><strong>vidimus,</strong></span> <span class='ocrx_word' id='word_1_265' title='bbox 1000 3983 1035 4047; x_wconf 88' lang='lat' dir='ltr'><strong>in</strong></span> <span class='ocrx_word' id='word_1_266' title='bbox 1070 4000 1263 4066; x_wconf 87' lang='lat' dir='ltr'><strong>quocunque</strong></span> <span class='ocrx_word' id='word_1_267' title='bbox 1291 3983 1398 4067; x_wconf 73' lang='lat' dir='ltr'><strong>capite</strong></span> 
     </span>
     <span class='ocr_line' id='line_1_34' title="bbox 258 4095 1397 4181; baseline -0.002 -20"><span class='ocrx_word' id='word_1_268' title='bbox 258 4095 441 4180; x_wconf 87' lang='lat' dir='ltr'><strong>complures</strong></span> <span class='ocrx_word' id='word_1_269' title='bbox 463 4095 628 4161; x_wconf 90' lang='lat' dir='ltr'><strong>adhibitos</strong></span> <span class='ocrx_word' id='word_1_270' title='bbox 659 4117 729 4162; x_wconf 86' lang='lat' dir='ltr'><strong>esse</strong></span> <span class='ocrx_word' id='word_1_271' title='bbox 751 4096 970 4181; x_wconf 88' lang='lat' dir='ltr'><strong>suspicemur,</strong></span> <span class='ocrx_word' id='word_1_272' title='bbox 1001 4097 1193 4179; x_wconf 87' lang='lat' dir='ltr'><strong>priusquam</strong></span> <span class='ocrx_word' id='word_1_273' title='bbox 1224 4096 1272 4160; x_wconf 89' lang='lat' dir='ltr'><strong>ad</strong></span> <span class='ocrx_word' id='word_1_274' title='bbox 1292 4096 1397 4180; x_wconf 90' lang='lat' dir='ltr'><strong>ipsam</strong></span> 
     </span>
     <span class='ocr_line' id='line_1_35' title="bbox 257 4207 1397 4293; baseline 0.003 -25"><span class='ocrx_word' id='word_1_275' title='bbox 257 4207 787 4287; x_wconf 48' lang='lat' dir='ltr'><strong>disquisitionem·‘accesserimus</strong></span> <span class='ocrx_word' id='word_1_276' title='bbox 826 4209 904 4274; x_wconf 62' lang='lat' dir='ltr'><strong>‘Tali</strong></span> <span class='ocrx_word' id='word_1_277' title='bbox 932 4210 1017 4274; x_wconf 91' lang='lat' dir='ltr'><strong>enim</strong></span> <span class='ocrx_word' id='word_1_278' title='bbox 1048 4208 1233 4293; x_wconf 89' lang='lat' dir='ltr'><strong>suspicione</strong></span> <span class='ocrx_word' id='word_1_279' title='bbox 1246 4208 1397 4274; x_wconf 32' lang='lat' dir='ltr'><strong>v*Kumm-</strong></span> 
     </span>
    </p>
   </div>
   <div class='ocr_carea' id='block_1_8' title="bbox 0 0 1580 4642">
    <p class='ocr_par' dir='ltr' id='par_1_9' title="bbox 0 0 1580 4642">
     <span class='ocr_line' id='line_1_36' title="bbox 0 0 1580 4642; baseline 0 4"><span class='ocrx_word' id='word_1_280' title='bbox 0 0 1580 4642; x_wconf 95' lang='lat' dir='ltr'><strong> </strong></span> 
     </span>
    </p>
   </div>
  </div>
 </body>
</html>
