3150 4642
694 223 909 283 ...22-

338 391 418 456 Aliis
441 393 539 455 etiam
560 391 641 455 locis
656 395 790 474 praeter
812 411 876 470 eos,
900 413 981 474 quos
998 413 1098 477 supra
1114 391 1233 471 notari,
1256 397 1371 455 extant

184 532 187 537 ·
234 505 511 589 interpolationes,
532 503 651 586 quibus
674 504 816 588 suspicio
840 510 929 568 mota
953 509 1012 583 est,
1035 503 1202 569 Diomedis
1225 503 1371 588 disputa·

234 619 314 682 tioni
336 618 446 701 plures
470 616 604 681 subesse
624 616 740 680 fontes.
784 616 933 700 Exempli
956 617 1064 699 gratia
1085 615 1220 681 afferam
1240 616 1369 681 titulum

235 730 276 794 de
299 729 430 813 dialyto.
476 730 571 793 Certe
593 749 656 792 non
679 734 748 792 tarn
772 728 892 793 stultus
914 728 977 793 fuit
999 728 1182 807 Diomedes,
1204 733 1242 793 ut
1263 749 1303 793 ex
1324 727 1370 793 al·

234 847 306 906 tero
342 841 431 906 fonte
469 840 670 905 exscriberet
703 840 805 905 verba
837 847 905 904 riae
949 845 1212 905 coniunctionibus
1249 842 1371 925 (llas)

236 954 352 1018 deinde
383 974 423 1018 ex
452 953 556 1019 altero
586 951 686 1018 rerba
717 960 803 1018 nullu
834 958 1048 1018 coniunctione
1075 957 1267 1032 interposita.
1311 953 1372 1017 Im-

235 1087 288 1131 mo
304 1066 529 1149 interpolator,
553 1066 609 1148 qui
631 1065 730 1129 etiarn
745 1065 912 1131 Diomedis
928 1066 1078 1150 exempla
1098 1065 1171 1144 illis,
1192 1085 1278 1149 quae
1298 1065 1371 1149 plus

234 1178 372 1243 haberet
393 1176 576 1258 Charisius,
604 1178 714 1261 inepte
741 1179 850 1259 auxit,
880 1178 961 1244 illud
984 1184 1069 1243 trullo
1090 1182 1303 1258 coniunctione
1325 1183 1371 1241 in·

236 1295 385 1369 terporito
420 1289 610 1373 adscripsit,
654 1295 691 1354 ut
728 1289 830 1354 rerba
871 1291 977 1355 minus
1018 1288 1160 1355 dilucida
1196 1295 1264 1353 riae
1303 1310 1370 1354 con-

235 1407 439 1467 iunctionibus
468 1402 656 1486 explicaret.
701 1401 815 1485 Neque
846 1404 950 1468 minus
979 1403 1013 1467 in
1041 1401 1187 1485 margine
1210 1400 1372 1485 quondam

236 1515 393 1598 scripturn
424 1514 488 1579 fuit
518 1520 675 1594 superiori
703 1521 864 1581 corrueris
885 1515 1024 1600 (seilicet
1052 1514 1188 1598 figura),
1226 1513 1314 1597 quod
1339 1513 1371 1577 in

234 1626 402 1691 Diomedis
423 1626 597 1691 verborum
620 1633 775 1693 contextu
798 1633 890 1693 caret
912 1648 1023 1706 sensu,
1045 1627 1199 1709 quoniam
1222 1647 1297 1691 cum
1317 1647 1371 1690 vo·

239 1739 356 1804 cabulo
380 1738 524 1818 „oratio“
548 1740 699 1823 coniungi
721 1762 785 1806 non
809 1745 926 1824 potest.

340 1853 430 1932 Quae
454 1873 525 1917 cum
549 1853 597 1916 ita
619 1853 700 1931 sint,
724 1852 764 1917 de
788 1853 844 1931 eis,
868 1873 952 1936 quae
975 1874 996 1918 a
1017 1851 1183 1917 Diomedis
1205 1850 1373 1916 codicibus

235 1965 269 2027 in
290 1985 360 2048 cap.
384 1962 425 2028 de
448 1963 669 2029 schematibus
691 1964 885 2045 traduntur,
907 1964 990 2030 haec
1014 1969 1160 2030 statuere
1181 1985 1372 2049 possumus:

236 2097 380 2159 eaquae
401 2096 475 2161 pag.
501 2081 539 2140 16
563 2078 673 2141 notari
695 2076 737 2141 ab
758 2077 993 2162 interpolatore
1011 2076 1125 2142 addita
1142 2081 1218 2141 sunt
1239 2097 1279 2140 ex
1301 2080 1373 2139 arte

237 2189 352 2253 Scauri
382 2189 563 2272 desumpta.
617 2186 755 2273 Reliqua
785 2189 855 2254 fere
889 2190 1020 2254 omnina
1053 2188 1227 2253 Diomedes
1257 2188 1326 2271 ipse
1354 2207 1373 2250 e

237 2299 352 2364 Scauri
384 2306 454 2364 arte
480 2300 689 2385 descripsisse
720 2302 857 2366 videtur.
902 2301 999 2366 Cuius
1029 2301 1078 2366 rei
1106 2301 1173 2365 iam
1200 2320 1300 2385 supra
1321 2320 1373 2363 ar-

237 2419 390 2495 gumenta
430 2413 598 2479 attulimus
632 2414 675 2497 (p.
710 2416 779 2497 19),
815 2413 1069 2493 KummrowiuS,
1108 2434 1148 2477 ex
1180 2413 1271 2477 cuius
1303 2432 1373 2476 sen·

238 2525 342 2589 tentia
363 2530 491 2589 tantum
514 2547 572 2590 eae
596 2526 817 2604 definitiones,
846 2548 931 2608 quae
963 2531 996 2590 et
1019 2526 1107 2609 apud
1128 2523 1317 2589 Diomedem
1340 2528 1374 2587 et

237 2636 325 2720 apud
347 2637 511 2702 Donatum
534 2638 696 2721 legantur,
719 2638 843 2703 Scauro
859 2637 1053 2703 vindicanda
1075 2640 1141 2703 sint
1162 2636 1264 2721 (quod
1286 2659 1317 2720 p.
1332 2641 1371 2700 37

240 2750 414 2835 exposuit),
436 2755 546 2815 tamen
562 2772 673 2815 omnes
691 2751 811 2815 Donati
827 2751 1030 2815 definitiones
1052 2751 1138 2819 inter
1149 2749 1264 2823 Scauri
1286 2749 1373 2831 frag·

237 2866 347 2925 menta
368 2863 478 2945 posuit
500 2862 554 2947 (cf.
578 2864 616 2926 Κ.
640 2885 671 2946 p.
693 2865 758 2946 40).
804 2864 898 2941 Quod
921 2885 993 2928 eum
1016 2884 1133 2946 parum
1159 2868 1235 2945 apte
1257 2862 1372 2926 iecisse

236 2975 444 3056 perspicuum
469 2980 527 3039 est.
573 2974 656 3039 Nam
686 2976 714 3039 si
745 2996 857 3039 verum
882 2980 984 3054 esset,
1009 2975 1172 3040 Donatum
1196 2995 1266 3051 eas,
1289 2994 1373 3056 quae
1456 2990 1458 2993 ·

238 3086 324 3168 apud
340 3085 529 3151 Diomedem
552 3088 690 3152 redeant
715 3086 928 3166 definitiones,
952 3109 969 3152 e
991 3088 1106 3153 Scauri
1129 3091 1200 3151 arte
1225 3086 1374 3151 omnibus

237 3198 345 3262 verbis
375 3200 511 3264 servatis
550 3201 743 3283 sumpsisse,
779 3199 1036 3265 concludendum
1066 3204 1168 3278 esset,
1201 3220 1257 3263 eas
1290 3219 1373 3280 quae

237 3310 325 3392 apud
349 3311 536 3375 Diomedem
568 3334 633 3376 non
652 3312 804 3394 legantur
834 3333 874 3376 ex
897 3312 1002 3375 altera
1024 3333 1087 3375 nou
1117 3333 1134 3375 e
1161 3311 1277 3375 Scauri
1302 3316 1373 3374 arte

238 3423 402 3486 derivatas
431 3445 510 3488 esse.
555 3423 644 3488 Nihil
675 3429 782 3488 autem
813 3424 933 3506 probat
960 3424 1148 3488 Diomedem
1172 3401 1295 3488 Scauro
1318 3444 1373 3487 ne·

237 3535 344 3617 glecto
369 3534 468 3599 alium
492 3536 680 3601 adhibuisse
705 3536 845 3599 fontem:
868 3558 942 3599 nam
966 3537 1064 3600 etiam
1080 3536 1244 3600 Donatum
1262 3536 1376 3620 plures

238 3647 426 3711 adhibuisse
451 3648 556 3712 fontes
580 3669 642 3711 non
665 3648 832 3712 reicienda
863 3655 912 3713 est
937 3649 1047 3731 opinio
1076 3654 1109 3712 et
1139 3654 1255 3731 postea
1277 3667 1373 3729 argu·

237 3762 354 3824 mentis
376 3760 576 3841 firmabitur3
600 3782 705 3843 neque
728 3760 830 3825 ullum
854 3766 946 3825 extat
967 3766 1204 3843 argumentum,
1228 3783 1287 3824 cur
1308 3761 1373 3824 Do·

237 3879 347 3937 natum
379 3874 482 3937 artius
513 3895 547 3937 se
580 3873 776 3957 applicuisse
807 3874 849 3937 ad
876 3872 1033 3938 Scaurum
1065 3894 1163 3955 quam
1184 3872 1373 3937 Diomedem

238 3986 418 4050 credamus
465 3986 530 4049 Nos
554 3992 668 4049 contra
694 3987 831 4050 vidimus
852 3986 1041 4050 Diomedem
1064 3986 1180 4049 Scauri
1202 3986 1303 4050 verba
1325 3987 1373 4049 in·

236 4098 381 4179 tegriora
405 4120 561 4176 servasse,
585 4099 730 4181 exeeptis
753 4098 818 4161 illis
842 4099 984 4180 quinque
999 4098 1089 4176 loeis,
1112 4099 1144 4162 in
1168 4098 1287 4180 quibus
1309 4120 1373 4162 non

238 4208 338 4272 verba
360 4212 544 4288 mutaverit,
569 4211 625 4274 sed
647 4216 774 4294 partem
800 4211 959 4288 omiserit,
986 4209 1033 4273 ibi
1055 4210 1271 4294 interpolator
1295 4211 1373 4276 ‹leli-
