3150 4642
645 215 863 301 ..17-

158 381 274 461 tavit,
301 387 412 448 utrum
432 370 495 448 hoc
516 382 592 448 inde
618 382 742 449 factum
765 384 824 463 sit,
855 382 943 467 quod
965 382 1140 449 Diomedes
1163 381 1245 449 duos
1265 383 1322 448 ad·

157 494 331 562 hibuerit
361 494 480 577 fontes,
513 516 555 560 an
584 492 814 581 interpolatori
836 494 1045 562 tribuendum
1072 496 1124 561 sit.
1169 495 1323 562 Attamen

159 607 248 688 hoc,
277 628 343 691 quo
365 609 469 674 omnis
491 613 678 679 remoretur
700 608 880 690 dubitatio,
911 608 1055 692 neglexit
1074 608 1323 690 Kummrouius,

158 719 201 784 in
228 720 346 786 altero
367 720 457 787 fonte
479 741 576 806 quem
598 721 789 787 Diomedem
812 721 1023 806 exscripsisse
1045 727 1174 803 censet,
1201 722 1235 786 in
1257 722 1322 787 Do·

159 833 248 898 nati
276 837 427 915 auctore,
458 834 543 900 hanc
566 834 712 901 extitisse
734 835 979 900 annotationem
1003 835 1047 920 (p.
1072 840 1144 915 396,
1168 833 1218 919 ll:
1241 841 1323 899 hooc

162 951 231 1011 olii
259 953 523 1027 prosperatoprta
546 953 713 1027 appellunt.
756 928 855 1013 Certe
870 946 1039 1012 Diomedis
1053 968 1108 1012 ars
1122 948 1205 1033 ipsa,
1228 963 1323 1032 prae·

162 1059 297 1124 sertim
317 1060 345 1125 si
366 1081 481 1126 revera
507 1081 547 1125 ex
576 1059 687 1126 multis
709 1059 855 1125 fontibus
878 1059 1019 1125 conflata
1041 1065 1144 1141 esset,
1171 1064 1325 1141 testatur,

163 1172 436 1254 grammaticum
459 1193 524 1238 non
545 1177 614 1237 tam
632 1172 768 1238 stultum
780 1171 890 1253 fuisse,
912 1177 956 1239 ut.
971 1193 1037 1238 non
1050 1172 1264 1257 intellegeret,
1287 1194 1322 1239 se

164 1284 214 1350 de
241 1285 362 1351 eadem
384 1307 420 1351 re
441 1285 493 1351 bie
515 1306 623 1370 agere,
645 1285 702 1350 illa
726 1286 900 1351 annotione
922 1285 1079 1370 inspecta.
1183 1293 1188 1299 “
1239 1294 1243 1299 ’

287 1398 355 1463 Nos
375 1398 475 1482 igitur
492 1399 548 1483 qui
567 1399 634 1464 iam
657 1398 722 1464 alio
743 1398 815 1464 loco
837 1398 1083 1483 interpolatoris
1105 1399 1244 1483 'vestigia
1267 1398 1322 1464 de·

150 1512 371 1592 texerimus,
395 1512 494 1577 etiam
517 1512 580 1577 hoo
600 1510 673 1576 loco
696 1531 795 1595 aegre
817 1512 858 1577 de
874 1511 977 1577 altero
992 1510 1082 1577 ionte
1096 1511 1322 1596 cogitabimus.

171 1624 278 1704 Quod
315 1629 425 1691 autem
456 1624 491 1688 in
527 1624 771 1690 enumeratione
802 1623 1091 1708 metaplasmorum
1122 1627 1166 1710 (p.
1189 1626 1320 1709 maso)

170 1757 351 1822 paragoge
372 1739 407 1802 in
421 1737 587 1802 codicibus
602 1736 716 1802 ultimo
739 1736 812 1802 loco
825 1738 935 1821 posita
953 1742 1011 1817 est,
1035 1743 1193 1821 tanquam
1207 1742 1324 1822 postea

175 1850 317 1931 addita,
351 1871 457 1934 neque
494 1871 588 1916 suum
615 1851 724 1915 locum
755 1849 832 1935 post
865 1854 1086 1931 „percrepare
1119 1854 1226 1930 tenet,
1261 1850 1324 1914 hoc

174 1964 402 2048 suspicionem
427 1968 574 2029 nostram
596 1968 769 2047 tantopere
792 1969 906 2047 auget,
935 1968 974 2028 ut
995 1962 1024 2028 si
1042 1962 1108 2027 alia
1130 1967 1324 2045 argumenta

175 2075 343 2141 accedant
371 2080 459 2141 certe
482 2075 735 2160 disputationem
765 2075 806 2142 de
828 2096 995 2161 paragoge
1023 2079 1060 2140 ut
1081 2075 1124 2140 ab
1146 2075 1323 2160 interpola-

177 2195 256 2255 tore
280 2188 410 2254 aliunde
434 2188 595 2255 adieotam
619 2209 636 2253 e
659 2194 752 2254 textu
775 2189 931 2254 eiciamus
953 2208 1085 2254 necesse
1109 2189 1160 2254 sit.

288 2302 396 2385 Atque
412 2301 513 2368 verba
534 2309 578 2367 ud
595 2304 729 2367 altimum
751 2307 898 2381 simplicis
922 2306 1065 2367 dictionis
1087 2308 1257 2368 clausulam
1276 2303 1324 2367 ita

178 2416 388 2481 conformata
417 2420 509 2495 sunt,
538 2419 576 2480 ut
606 2435 626 2479 a
651 2415 853 2498 reliquorum
881 2415 977 2481 huius
1007 2415 1124 2500 eapitis
1153 2415 1323 2481 titulorum

178 2550 246 2594 usu
268 2527 442 2597 verborum
464 2527 673 2593 abhorreant.
718 2529 827 2607 Quare
855 2549 962 2612 neque
992 2549 1010 2593 e
1032 2528 1154 2593 Donati
1175 2548 1281 2611 neque
1305 2549 1322 2592 e

180 2640 325 2706 Charisii
347 2645 481 2706 auctore
503 2661 543 2706 ea
561 2639 695 2706 fluxisse
711 2641 810 2706 etiam
832 2640 1071 2706 Kummrowius
1095 2639 1253 2721 coneedit,
1274 2641 1324 2704 ita

181 2759 222 2819 ut
244 2758 397 2836 quartum
419 2752 585 2819 Diomedis
610 2753 734 2819 fontem
771 2754 834 2819 hoc
858 2774 923 2819 uno
952 2758 1080 2818 tantum
1101 2753 1173 2818 loeo
1196 2752 1323 2818 adhibi-

113 2860 116 2867 ’
181 2871 254 2932 tum
286 2869 432 2931 statuere
464 2886 662 2950 cogeremur.
711 2865 795 2932 Nam
818 2865 1007 2932 Sacerdotis
1030 2866 1166 2946 auctori,
1189 2887 1230 2930 ex
1257 2887 1322 2950 quo

186 2999 228 3043 ea
249 2978 368 3045 hausta
399 3000 469 3044 esse
497 2979 735 3044 Kummrowius
757 2979 902 3063 putavit,
934 2999 1019 3062 quae
1047 2978 1082 3042 in
1108 2977 1172 3042 fine
1205 2979 1322 3062 capitis

184 3091 226 3156 de
248 3091 446 3175 protheseon
467 3090 636 3175 parallage
657 3090 820 3173 leguntur,
847 3090 921 3155 ideo
943 3089 1110 3154 vindicare
1131 3089 1189 3154 illa
1209 3093 1322 3174 nequi·

182 3225 264 3284 mue,
290 3203 378 3287 quod
397 3202 516 3267 similia
533 3201 621 3286 apud
634 3201 846 3267 Sacerdotem
861 3222 926 3267 non
941 3201 1103 3285 leguntur.
1146 3201 1217 3267 Nisi
1237 3203 1323 3269 forte

184 3316 283 3380 etiam
306 3316 466 3381 Sacerdos
498 3315 680 3399 complures
709 3313 860 3380 adhibuit
890 3314 1012 3394 fontes,
1044 3335 1181 3397 quorum
1204 3316 1325 3400 reliqui·

183 3427 350 3493 Diomedis
373 3427 580 3494 dissimillimi
608 3433 699 3510 sunt,
733 3449 807 3493 eum
837 3433 947 3493 autem
974 3427 1098 3493 fontem
1127 3449 1223 3513 quem
1245 3428 1323 3493 Dio·

51 3596 53 3601 ,
183 3540 295 3605 medes
316 3540 379 3605 hoo
403 3561 467 3605 uno
488 3545 616 3606 tantum
631 3542 703 3607 loco
725 3542 772 3626 (in
794 3541 844 3607 tit.
868 3540 908 3606 de
921 3541 1118 3625 protheseos
1138 3541 1322 3626 parallage)

184 3652 335 3719 adhibuit
365 3654 462 3718 etiam
491 3653 701 3720 Sacerdotem
731 3659 860 3720 tantum
890 3654 1003 3719 eodem
1034 3654 1106 3719 loeo
1134 3654 1322 3720 adhibuisse

183 3786 315 3831 necesse
338 3771 432 3832 esset.
476 3767 546 3830 Iam
568 3766 668 3847 vides,
692 3772 817 3850 quanta
839 3767 959 3832 existat
980 3766 1178 3832 absurditas.

287 3880 396 3958 Quare
426 3880 525 3944 etiam
554 3879 617 3943 hoo
646 3879 718 3944 loco
748 3880 859 3945 multis
889 3878 1081 3945 adducimur
1112 3879 1321 3962 argumentis,

182 3996 220 4055 ut
242 3992 421 4075 cogitemus
451 3990 491 4056 de
512 3991 764 4076 interpolatore,
796 3992 852 4075 qui
874 3990 1140 4075 proeparalepsin
1159 4011 1224 4055 non
1246 4011 1322 4056 ean-

103 4125 108 4137 ·
184 4102 256 4168 dem
280 4123 351 4167 esse
369 4108 460 4169 ratus
484 4109 583 4187 atque
604 4124 806 4188 paragogen,
829 4103 926 4168 huius
949 4101 1169 4168 definitionem
1192 4125 1209 4168 e
1232 4102 1322 4169 fonte

183 4213 277 4280 nobis
297 4215 408 4298 ignoto
431 4214 566 4280 addidit.
