3150 4642
710 189 929 252 ..25-

254 357 379 440 speeies
423 357 536 422 eodem
576 358 706 439 ordine,
743 381 808 443 quo
842 360 874 424 in
907 359 1119 444 dispositione
1154 364 1392 444 proponuntur,

253 474 368 555 postea
397 474 591 536 tractantur.
636 471 718 537 Eum
749 472 896 537 ordinem
924 470 1091 537 Diomedis
1119 471 1289 556 proprium
1318 492 1390 536 esse

255 582 457 666 intellegitur
478 604 518 647 ex
542 582 606 648 hac
627 583 767 664 tabella,
797 585 831 648 in
856 605 921 667 qua
951 585 1078 650 numeri
1099 583 1265 649 Diomedis
1286 582 1391 647 titulis

253 695 414 780 appositi,
443 716 584 779 quonam
614 696 728 761 ordine
751 695 793 762 ab
824 695 897 761 aliis
930 696 1130 780 artigraphis
1160 699 1305 761 tractata
1326 696 1391 760 sint

253 807 350 886 vitia,
382 806 527 873 edocent.
572 807 701 891 Reliqui
736 809 822 873 enim
855 830 955 874 unum
992 809 1115 873 fontem
1149 808 1339 892 primarium
1369 828 1390 871 a

254 918 420 985 Diomedis
450 919 612 986 diversum
641 921 743 986 secuti
773 926 858 986 sunt.
911 920 1078 987 Charisius
1108 942 1185 985 vero
1213 920 1324 1003 paullo
1347 919 1389 984 ab

253 1031 326 1096 aliis
356 1054 395 1097 eo
425 1030 550 1112 differt,
582 1032 670 1116 quod
701 1032 830 1118 ellipsin
859 1038 979 1118 quarto
1010 1031 1144 1099 exhibet
1173 1033 1262 1113 loeo,
1290 1053 1390 1115 quam

252 1145 354 1209 ceteri
378 1144 516 1229 septimo
538 1150 679 1229 ponunt:

322 1375 477 1432 Diomedes.

919 1256 954 1566 Pompeius-

1065 1278 1093 1567 Sacerdos-

621 1266 649 1567 Charisius-

253 1585 439 1669 acyrologia

252 1696 459 1781 pleonasmus

252 1809 467 1894 perissologia

253 1923 454 2006 macrologia

253 2034 453 2117 amphibolia
616 2043 629 2102 l

254 2146 436 2231 tautologia

254 2258 377 2343 ellipsis

253 2371 403 2455 aenigma

254 2484 413 2568 tapinosis
1075 2494 1095 2552 8

253 2596 479 2680 aeschrologia
1076 2605 1094 2663 3

254 2709 479 2793 cacenphaton
637 2717 655 2776 2
783 2717 802 2776 2
930 2718 948 2776 2
1077 2717 1095 2775 2

782 1817 802 1876 a>
784 1704 803 1763 ω
784 1590 800 1650 ι-ι
772 1300 801 1568 Donatus-

635 1593 657 2326 κὶςιΦσ-ιυιωμ

785 1932 804 1991 ζῖι

928 1592 950 2326 ςιΦΦΦ-»ῥ-ωῌ

1263 1304 1283 1431 ξ

1255 1434 1283 1518 :g

1257 1548 1290 1649 ἶ

1267 1701 1285 1760 7

1267 1816 1285 1870 s

1267 1930 1285 1987 5

763 2044 777 2102 ι--ι

782 2044 803 2326 ζἚΦΦ

910 2044 924 2102 ι--ι

1057 2042 1070 2100 μ..

1076 1591 1096 2324 κπστιωωπκὶωμ-

635 2493 654 2552 oe

781 2494 801 2553 αὶ

929 2495 948 2553 α)

255 2821 417 2886 cacozelia
452 2886 454 2893 .

254 2934 508 3018 cacosyntheton
634 2942 653 3001 9
781 2942 800 3001 9
928 2942 947 3001 9
1075 2942 1094 3000 9

355 3047 465 3130 Atque
496 3052 533 3111 ut
555 3047 607 3125 ,ad
627 3048 755 3130 singula
776 3047 1015 3131 perscrutanda
1037 3053 1218 3126 transeam,
1249 3047 1392 3130 primum

254 3180 311 3223 sex
333 3158 536 3225 definitiones
558 3161 644 3224 inter
667 3165 794 3227 ceteros
816 3160 945 3224 elucent
966 3159 1046 3224 hae:

256 3277 389 3351 reum:
413 3272 609 3357 Acyrologia
631 3279 681 3337 est
774 3294 839 3337 non
860 3272 1002 3356 propriis
1025 3271 1222 3336 dictionibus

1029 3389 1195 3448 obscurata
1217 3388 1378 3447 sententio.

254 3501 387 3574 leaeo:
411 3495 638 3581 (Macrologia)
663 3498 807 3562 Scaurus
828 3497 876 3560 ita
898 3495 1026 3560 definit:
1052 3496 1149 3579 longa
1173 3495 1392 3577 descriptione

1022 3615 1182 3687 prodacta
1203 3612 1363 3672 sententie.

254 3727 364 3800 450,1:
411 3721 619 3805 Amphibolia
641 3727 691 3786 est
714 3720 792 3786 vitio
814 3720 1057 3804 compositionis
1078 3721 1111 3783 in
1134 3720 1287 3803 ambiguo

1026 3838 1128 3912 posita
1149 3837 1310 3896 sententie.

255 3952 388 4024 rocla:
411 3945 543 4029 Ellipsis
566 3951 616 4010 est
638 3946 825 4011 necessaria
847 3946 988 4010 dictione
1024 3951 1181 4024 frondete
1202 3948 1363 4008 sententie.

255 4063 387 4137 450352
411 4058 569 4140 Aenigma
591 4063 641 4123 est
661 4080 721 4142 per
742 4057 948 4122 incredibilia
1029 4064 1160 4136 rorifera
1180 4060 1341 4120 sententia.

254 4174 328 4248 451,
351 4174 388 4234 8:
412 4169 580 4236 cacozelia
603 4175 653 4235 cst
674 4191 734 4258 per
757 4169 999 4238 affectationem
1022 4168 1149 4233 decoris

1030 4287 1192 4363 corruptio
1214 4284 1374 4348 scotoma
