3150 4642
699 261 915 322 ...50-

596 431 669 511 De
694 430 1017 510 barbarismo

241 569 408 635 Audauis
431 575 586 654 excerpta
602 569 678 654 (VII
696 572 782 654 361).
965 565 1253 632 Comminiauus.

284 681 370 761 Quid
384 686 434 746 θεῖ
449 680 693 747 barbarismus?
716 681 782 747 dio·
879 679 1108 745 Barbarismus
1139 680 1190 740 θεῖ
1211 673 1310 738 dictio
1333 671 1379 735 vi·

240 797 287 861 lio
301 795 425 860 vitiosa.
450 793 532 860 haer
546 801 654 860 autam
671 794 783 860 defini·
835 795 930 863 tissa.
972 792 1055 858 haec
1092 794 1202 856 autom
1233 784 1379 851 definitio

240 909 287 973 tio
311 907 472 990 generalis
496 912 546 973 θεῖ
567 912 601 973 θῖ
622 906 783 992 specialis,
836 905 997 990 generalis
1025 911 1092 982 θεῖ,
1121 922 1186 966 non
1218 897 1378 984 specialis.

242 1021 319 1103 quia
341 1019 440 1084 dictio
459 1026 492 1086 θῖ
511 1025 665 1085 contexta
677 1020 782 1084 oratio
836 1019 894 1085 sed
924 1019 1076 1103 quoniam
1111 1014 1211 1079 dictio
1240 1017 1274 1077 θῖ
1303 1032 1378 1075 ooo-

242 1140 274 1197 et
301 1152 463 1216 unapars
483 1133 552 1197 aius
572 1131 780 1215 intellegitur.
836 1137 928 1196 texta
951 1130 1057 1195 oratio
1079 1134 1112 1193 θῖ
1127 1148 1193 1192 una
1208 1146 1286 1209 pars
1310 1123 1379 1188 aius

242 1244 442 1310 consuetudo
465 1252 573 1310 autom
601 1245 688 1310 hunc
709 1250 781 1308 tou·
836 1243 1053 1327 intellegitur,
1077 1237 1277 1306 consuetudo
1310 1237 1379 1321 <au-

241 1363 310 1423 lum
348 1357 588 1423 barbarismum
630 1356 783 1441 appellat,
836 1357 914 1441 tem)
937 1355 1024 1421 huno
1052 1359 1181 1419 tontum
1210 1348 1378 1415 barbaris-

242 1472 298 1553 qui
313 1470 353 1534 fit
366 1470 399 1533 in
422 1490 486 1535 uua
506 1475 601 1554 parto
616 1469 782 1534 orationis.
837 1492 923 1535 mum
947 1466 1102 1554 appellat,
1125 1465 1181 1549 qui
1200 1462 1238 1528 fit
1259 1463 1292 1527 in
1314 1481 1380 1526 una

836 1587 931 1666 parto
952 1579 1120 1658 orationis,
1142 1577 1251 1662 aptius
1269 1579 1381 1640 tamen

307 1694 531 1761 barbarismus
553 1695 652 1778 igitur
671 1698 721 1758 θεῖ
836 1695 899 1760 baa
923 1699 1053 1759 ubemur
1075 1690 1274 1757 definitione:
1303 1686 1381 1752 bar·

276 1803 278 1807 ’
837 1792 999 1874 barismus
1020 1810 1071 1870 θεῖ

242 1940 408 2003 unapars
430 1919 588 1985 orationis
609 1926 772 2005 corrupta.
849 1941 1012 2004 unapars
1034 1916 1193 1984 orationis
1215 1920 1380 1998 corrupta.

287 2143 344 2209 sed
372 2144 435 2208 boa
464 2144 578 2209 vitium
608 2145 642 2209 in
677 2143 786 2209 soluta
881 2143 939 2210 sed
968 2144 1031 2209 boa
1062 2143 1176 2208 vibium
1210 2142 1243 2205 in
1274 2141 1383 2207 soluta

244 2257 391 2321 oratione
419 2256 643 2322 barbarismus
675 2255 785 2341 appol·
840 2258 986 2323 oratione
1008 2276 1125 2321 nomen
1146 2276 1239 2319 suum
1253 2256 1380 2335 retinet,

243 2369 348 2448 latur,
380 2374 522 2434 aelorum
554 2369 642 2454 apud
671 2374 786 2454 poetas
840 2377 983 2436 ueterum
1012 2368 1100 2452 apud
1129 2372 1245 2452 poetas
1279 2372 1381 2432 mola·

243 2479 477 2565 metaplasmus
506 2481 633 2546 dicitur.
666 2480 786 2546 barba·
838 2481 983 2566 plasmus
1003 2485 1148 2560 vocatur,
1170 2478 1382 2545 soloecismus

245 2594 363 2658 rismus
394 2600 427 2657 θῖ
455 2590 682 2658 barbarolexis
708 2593 787 2675 quid
840 2600 949 2659 autem
978 2594 1118 2659 schema.
1156 2591 1382 2680 barbarismus

245 2706 331 2770 intur
354 2726 389 2769 εθ
408 2704 585 2770 differunt?
608 2705 695 2790 quod
711 2703 786 2769 bar·
840 2713 890 2772 θεῖ
911 2705 1072 2772 barbaros
1094 2705 1176 2771 lexis
1205 2707 1226 2770 i.
1255 2727 1281 2770 θ.
1305 2703 1383 2769 bar-

242 2814 407 2883 barismus
429 2817 468 2881 fit
839 2819 923 2885 bara
952 2819 1060 2884 diutia.
1095 2818 1153 2883 sed
1180 2817 1243 2883 hoo
1268 2817 1383 2882 vitium

840 2931 927 2996 inter
949 2952 983 2998 so
1006 2928 1124 3011 differt,

617 3042 651 3107 in
673 3047 788 3109 nostra
884 3044 971 3127 quod
985 3043 1211 3110 barbarismus
1223 3041 1261 3107 fit
1275 3043 1308 3107 iu
1324 3062 1383 3107 uo-

244 3150 396 3238 loquella,
414 3150 640 3221 barbarolexis
650 3157 683 3220 in
694 3177 787 3240 pore·
841 3163 911 3221 stra
931 3156 1089 3241 loquella,
1119 3156 1279 3222 barbaros
1300 3154 1383 3219 lexis

246 3267 348 3351 grina.
840 3271 873 3334 iu
894 3271 1077 3354 peregrina.

290 4110 787 4196 Quolmodisfitbarbarismus?
842 4112 1384 4210 barbarismuslitmodisqualbuor

249 4235 404 4308 quattuor
432 4232 452 4294 i.
468 4252 494 4295 o.
525 4231 707 4296 adiectione
734 4234 788 4297 do·
1048 4236 1229 4303 adiectione
1256 4239 1383 4304 datram
