3150 4642
641 254 858 315 ..31-

83 424 86 429 ’
181 421 381 505 mytacism0,
403 420 615 500 labdacismo‚
638 421 773 503 reliquis
786 418 999 486 barbarismis
1015 419 1211 503 proferatur,
1232 422 1318 504 apud

183 533 370 598 Diomedem
400 533 482 598 uber
511 533 551 598 de
578 533 643 597 illis
670 532 819 615 sequitur
850 531 1042 615 disputatio,
1073 531 1121 596 ita
1154 537 1192 596 ut
1220 532 1320 598 rerba

182 652 259 711 hoec
280 651 354 710 uitio
375 651 549 725 praelocuti
567 667 593 711 e.
618 667 648 729 q.
671 668 695 711 s.
718 645 815 729 plane
834 645 935 709 stulta
957 650 991 708 et
1011 644 1123 728 inepta
1139 644 1319 710 rideantur.

83 794 89 803 ·
182 797 225 806 —
247 759 450 841 Quamquam
472 758 506 823 in
527 757 590 822 hac
612 779 648 822 re
670 763 785 842 utpote
807 757 935 823 lubrica
957 777 1021 821 non
1043 756 1224 841 persistam.

285 871 417 950 Restat,
458 877 495 936 ut
529 893 628 936 unum
665 870 817 954 detegam
847 869 1014 935 Diomedis
1050 875 1165 935 textus·
1197 870 1319 935 vitium.

183 990 298 1065 450‚32
322 989 398 1068 post
420 982 664 1066 aeschrologiae
685 982 904 1048 definitionem
931 1002 948 1046 e
971 981 1095 1046 Scauro
1116 981 1321 1066 desumptam

184 1118 224 1161 ea
246 1102 426 1180 sequuntur
448 1094 564 1176 verba,
587 1095 706 1178 quibus
728 1095 894 1161 Charisius
917 1093 1141 1177 cacenphaton
1163 1094 1320 1178 explicat3

184 1230 287 1292 quare
308 1205 476 1273 Diomedis
498 1212 626 1273 textum
654 1208 703 1273 ita
725 1208 915 1272 restituam:
947 1212 1162 1287 aeschrolopio
1184 1217 1231 1271 est
1250 1212 1322 1272 citio

184 1326 409 1401 compositionis
432 1326 642 1385 inverecunda
666 1325 783 1396 cratim
815 1318 1116 1406 (reconpensaret)
1146 1325 1322 1398 compositio

182 1437 344 1498 cerberum
368 1453 394 1497 e.
413 1454 443 1516 q.
465 1454 489 1497 s.
534 1431 618 1501 Nam
633 1432 836 1516 cacenphati,
857 1453 923 1496 nou
938 1430 1181 1514 aeschrologiae
1203 1431 1323 1516 duplex

188 1550 279 1609 extat
302 1544 456 1610 definitio.
500 1544 572 1609 Hoc
594 1563 724 1628 quoque
745 1545 834 1624 loco,
857 1564 955 1626 quam
976 1564 1076 1627 supra
1099 1545 1324 1608 annotavimus

185 1658 229 1741 (p.
256 1657 299 1740 6),
322 1656 463 1742 suspicio
486 1663 646 1736 movetur,
669 1657 826 1722 lemmata
846 1676 910 1720 non
934 1655 976 1722 ab
998 1656 1069 1739 ipso
1088 1656 1244 1720 Diomede
1267 1656 1324 1721 sed

186 1791 206 1832 a
246 1768 383 1833 librario
430 1770 500 1834 eius
536 1790 606 1834 esse
643 1769 771 1848 addita,
815 1789 880 1851 qua
916 1789 951 1833 re
989 1767 1085 1832 facile
1119 1768 1324 1852 perturbatio

185 1902 282 1964 quarn
308 1880 409 1944 modo
432 1883 560 1946 correxi
582 1881 653 1947 fieri
675 1881 791 1966 potuit.

519 2162 548 2223 2.
592 2158 666 2222 De
688 2160 994 2224 barbarismo,

287 2331 357 2395 Iam
379 2330 598 2413 inquiramus,
620 2352 697 2396 num
720 2331 819 2395 etiam
842 2331 915 2394 aliis
932 2329 1013 2394 locis
1029 2329 1203 2395 Diomedes
1226 2331 1325 2396 Scau-

186 2464 257 2506 rum
282 2441 486 2522 adhibuerit3
517 2442 604 2524 qnod
631 2443 664 2506 in
687 2441 851 2527 capitibus
873 2442 913 2507 de
935 2441 1141 2508 barbarismo
1167 2448 1200 2509 et
1222 2443 1325 2509 soloe-

187 2555 286 2619 cismo
308 2555 432 2619 iaotum
455 2575 526 2619 esse
542 2554 617 2619 inde
634 2554 807 2619 verisimile
828 2554 874 2634 fit,
897 2553 985 2637 quod
1000 2554 1113 2619 eodem
1131 2555 1326 2621 exhibentur

187 2666 317 2745 ordine,
352 2688 448 2750 quem
472 2665 616 2731 Scaurus
638 2666 732 2732 initio
766 2667 882 2751 capitis
903 2665 944 2730 de
965 2666 1052 2731 vitiis
1074 2667 1229 2732 orationis
1251 2689 1326 2751 pro-

186 2779 304 2863 posuit.

290 2892 527 2956 Kummrowius
550 2891 681 2973 quidem
704 2893 749 2975 (p.
774 2891 829 2975 39)
853 2891 1039 2975 suspicatur
1059 2892 1209 2956 Diomedi
1230 2913 1326 2975 prae·

188 3009 240 3068 ter
253 3004 412 3068 Scaurum
433 3007 466 3066 et
482 3002 581 3067 alium
597 3003 755 3083 incertum
770 3008 937 3068 auctorem
949 3003 1083 3068 subesse
1094 3003 1326 3083 Commissum,

192 3136 287 3198 quem
311 3116 410 3180 etiam
426 3113 592 3179 Charisius
611 3113 807 3179 adhibuerit.
847 3115 963 3196 Itaque
979 3114 1021 3180 ab
1034 3114 1096 3178 hac
1114 3115 1207 3182 nobis
1229 3116 1327 3200 profi-

190 3227 375 3292 ciscendum
399 3232 449 3292 est
470 3226 640 3291 sententia.

292 3338 469 3405 Videamus
498 3338 599 3421 igitur
630 3336 841 3404 Kummrowii
872 3345 1080 3423 argumenta3
1111 3341 1168 3423 qui
1198 3341 1242 3425 (p.
1273 3343 1327 3425 39)

190 3453 289 3532 „Cum
312 3450 494 3530 Charisius,
522 3451 645 3545 inquit,
677 3452 839 3517 disserens
868 3452 908 3516 de
929 3450 1135 3518 barbarismo
1162 3459 1196 3519 et
1224 3455 1327 3518 soloe-

189 3564 289 3628 cismo
310 3563 453 3647 priorem
476 3560 614 3628 duorum
645 3569 832 3645 auctorum,
865 3584 947 3647 quos
976 3564 1023 3629 ibi
1047 3567 1237 3651 exscripsit,
1268 3567 1327 3632 Co·

190 3676 367 3740 minianum
389 3675 489 3740 fuisse
520 3676 591 3759 ipse
613 3681 753 3741 testetur
781 3682 822 3741 et
845 3697 932 3741 eum
955 3676 1067 3761 apud
1089 3677 1328 3744 Diomedem

190 3787 379 3853 alterius
418 3786 608 3852 Charisii
649 3789 842 3854 auctoris
882 3789 1044 3854 nullum
1081 3792 1328 3875 reperiatur

189 3899 433 3982 vestigium,
456 3887 645 3965 Cominiano
666 3906 774 3966 autern
799 3921 847 3981 ea,
870 3902 1010 3985 quaein
1033 3902 1125 3967 initio
1146 3901 1187 3966 de
1209 3901 1329 3967 barba·

191 4011 291 4076 rismo
313 4011 474 4094 leguntur,
497 4017 586 4076 certe
604 4012 787 4078 debeantur
801 4012 855 4098 (cf.
868 4013 971 4078 Dium.
994 4019 1087 4093 4513
1095 4019 1204 4081 1-33.
1241 4015 1328 4080 Com.

192 4123 404 4207 265‚2-11):
432 4124 486 4186 uix
507 4123 651 4188 dubitari
672 4129 798 4208 potest,
829 4123 907 4207 quin
927 4124 1115 4190 Cominiano
1139 4147 1178 4190 ea
1200 4148 1329 4210 quoque
