<?xml version="1.0" encoding="UTF-8"?>
<!DOCTYPE html PUBLIC "-//W3C//DTD XHTML 1.0 Transitional//EN"
    "http://www.w3.org/TR/xhtml1/DTD/xhtml1-transitional.dtd">
<html xmlns="http://www.w3.org/1999/xhtml" xml:lang="en" lang="en">
 <head>
  <title>
</title>
<meta http-equiv="Content-Type" content="text/html;charset=utf-8" />
  <meta name='ocr-system' content='tesseract 3.04.00' />
  <meta name='ocr-capabilities' content='ocr_page ocr_carea ocr_par ocr_line ocrx_word'/>
</head>
<body>
  <div class='ocr_page' id='page_1' title='image "./quaestionesgram00meyegoog_0074.png"; bbox 0 0 3150 4642; ppageno 0'>
   <div class='ocr_carea' id='block_1_1' title="bbox 718 238 933 298">
    <p class='ocr_par' dir='ltr' id='par_1_1' title="bbox 718 238 933 298">
     <span class='ocr_line' id='line_1_1' title="bbox 718 238 933 298; baseline 0.005 -17"><span class='ocrx_word' id='word_1_1' title='bbox 718 238 933 298; x_wconf 58' lang='lat' dir='ltr'>..gg„</span> 
     </span>
    </p>
   </div>
   <div class='ocr_carea' id='block_1_2' title="bbox 252 404 1401 2286">
    <p class='ocr_par' dir='ltr' id='par_1_2' title="bbox 257 404 1400 1276">
     <span class='ocr_line' id='line_1_2' title="bbox 259 404 1398 490; baseline 0.001 -21"><span class='ocrx_word' id='word_1_2' title='bbox 259 405 401 484; x_wconf 79' lang='lat' dir='ltr'>exhibui,</span> <span class='ocrx_word' id='word_1_3' title='bbox 422 404 535 469; x_wconf 88' lang='lat' dir='ltr'>addito</span> <span class='ocrx_word' id='word_1_4' title='bbox 548 404 619 483; x_wconf 89' lang='lat' dir='ltr'>hoe,</span> <span class='ocrx_word' id='word_1_5' title='bbox 642 405 697 488; x_wconf 92' lang='lat' dir='ltr'>qui</span> <span class='ocrx_word' id='word_1_6' title='bbox 714 404 752 469; x_wconf 86' lang='lat' dir='ltr'>fit</span> <span class='ocrx_word' id='word_1_7' title='bbox 768 427 840 471; x_wconf 90' lang='lat' dir='ltr'>oum</span> <span class='ocrx_word' id='word_1_8' title='bbox 860 407 1044 471; x_wconf 89' lang='lat' dir='ltr'>oouiuuotio</span> <span class='ocrx_word' id='word_1_9' title='bbox 1059 428 1119 490; x_wconf 89' lang='lat' dir='ltr'>pro</span> <span class='ocrx_word' id='word_1_10' title='bbox 1138 407 1291 471; x_wconf 83' lang='lat' dir='ltr'>adverbio</span> <span class='ocrx_word' id='word_1_11' title='bbox 1304 408 1398 490; x_wconf 89' lang='lat' dir='ltr'>poni-</span> 
     </span>
     <span class='ocr_line' id='line_1_3' title="bbox 258 515 1398 603; baseline 0 -20"><span class='ocrx_word' id='word_1_12' title='bbox 258 524 329 599; x_wconf 83' lang='lat' dir='ltr'>tnr3</span> <span class='ocrx_word' id='word_1_13' title='bbox 352 516 526 583; x_wconf 83' lang='lat' dir='ltr'>Diomedes</span> <span class='ocrx_word' id='word_1_14' title='bbox 547 516 608 583; x_wconf 91' lang='lat' dir='ltr'>hos</span> <span class='ocrx_word' id='word_1_15' title='bbox 629 515 693 582; x_wconf 88' lang='lat' dir='ltr'>hoo</span> <span class='ocrx_word' id='word_1_16' title='bbox 714 518 844 584; x_wconf 90' lang='lat' dir='ltr'>ordine:</span> <span class='ocrx_word' id='word_1_17' title='bbox 873 518 1097 584; x_wconf 84' lang='lat' dir='ltr'><strong>soloecismum</strong></span> <span class='ocrx_word' id='word_1_18' title='bbox 1121 521 1178 603; x_wconf 90' lang='lat' dir='ltr'>qui</span> <span class='ocrx_word' id='word_1_19' title='bbox 1199 519 1238 585; x_wconf 82' lang='lat' dir='ltr'>lit</span> <span class='ocrx_word' id='word_1_20' title='bbox 1259 541 1317 603; x_wconf 89' lang='lat' dir='ltr'>per</span> <span class='ocrx_word' id='word_1_21' title='bbox 1334 522 1398 584; x_wconf 90' lang='lat' dir='ltr'>im·</span> 
     </span>
     <span class='ocr_line' id='line_1_4' title="bbox 259 630 1400 717; baseline 0.001 -22"><span class='ocrx_word' id='word_1_22' title='bbox 259 630 473 695; x_wconf 74' lang='lat' dir='ltr'><strong>mutationem</strong></span> <span class='ocrx_word' id='word_1_23' title='bbox 498 630 530 713; x_wconf 95' lang='grc'>1)</span> <span class='ocrx_word' id='word_1_24' title='bbox 553 650 707 713; x_wconf 84' lang='lat' dir='ltr'>generum</span> <span class='ocrx_word' id='word_1_25' title='bbox 730 631 905 710; x_wconf 87' lang='lat' dir='ltr'>nominum,</span> <span class='ocrx_word' id='word_1_26' title='bbox 930 632 963 715; x_wconf 94' lang='lat'>2)</span> <span class='ocrx_word' id='word_1_27' title='bbox 985 652 1139 715; x_wconf 83' lang='lat' dir='ltr'>generum</span> <span class='ocrx_word' id='word_1_28' title='bbox 1161 632 1400 717; x_wconf 85' lang='lat' dir='ltr'>pronominum,</span> 
     </span>
     <span class='ocr_line' id='line_1_5' title="bbox 260 742 1399 828; baseline -0.001 -20"><span class='ocrx_word' id='word_1_29' title='bbox 260 742 293 825; x_wconf 88' lang='lat'>3)</span> <span class='ocrx_word' id='word_1_30' title='bbox 317 763 461 820; x_wconf 83' lang='lat' dir='ltr'>ossuum,</span> <span class='ocrx_word' id='word_1_31' title='bbox 484 742 519 825; x_wconf 87' lang='lat'>4)</span> <span class='ocrx_word' id='word_1_32' title='bbox 541 763 759 822; x_wconf 90' lang='lat' dir='ltr'>numerorum,</span> <span class='ocrx_word' id='word_1_33' title='bbox 784 744 817 826; x_wconf 80' lang='lat'>5)</span> <span class='ocrx_word' id='word_1_34' title='bbox 840 764 1068 826; x_wconf 90' lang='lat' dir='ltr'>personarum,</span> <span class='ocrx_word' id='word_1_35' title='bbox 1092 746 1125 828; x_wconf 85' lang='grc'>6)</span> <span class='ocrx_word' id='word_1_36' title='bbox 1147 749 1339 828; x_wconf 88' lang='lat' dir='ltr'>temporum,</span> <span class='ocrx_word' id='word_1_37' title='bbox 1362 746 1399 827; x_wconf 85' lang='lat'>7)</span> 
     </span>
     <span class='ocr_line' id='line_1_6' title="bbox 257 852 1399 941; baseline 0.003 -23"><span class='ocrx_word' id='word_1_38' title='bbox 257 854 315 938; x_wconf 89' lang='lat' dir='ltr'>qui</span> <span class='ocrx_word' id='word_1_39' title='bbox 342 852 381 918; x_wconf 88' lang='lat' dir='ltr'>fit</span> <span class='ocrx_word' id='word_1_40' title='bbox 407 875 467 939; x_wconf 89' lang='lat' dir='ltr'>per</span> <span class='ocrx_word' id='word_1_41' title='bbox 496 853 688 937; x_wconf 76' lang='lat' dir='ltr'>qualitatem</span> <span class='ocrx_word' id='word_1_42' title='bbox 718 854 907 935; x_wconf 85' lang='lat' dir='ltr'>verborum,</span> <span class='ocrx_word' id='word_1_43' title='bbox 939 858 973 941; x_wconf 84' lang='grc'>8)</span> <span class='ocrx_word' id='word_1_44' title='bbox 993 878 1052 940; x_wconf 91' lang='lat' dir='ltr'>per</span> <span class='ocrx_word' id='word_1_45' title='bbox 1078 856 1191 921; x_wconf 93' lang='lat' dir='ltr'>modos</span> <span class='ocrx_word' id='word_1_46' title='bbox 1214 856 1399 935; x_wconf 89' lang='lat' dir='ltr'>verborum,</span> 
     </span>
     <span class='ocr_line' id='line_1_7' title="bbox 259 965 1400 1053; baseline 0.001 -20"><span class='ocrx_word' id='word_1_47' title='bbox 259 968 293 1053; x_wconf 86' lang='grc'>9)</span> <span class='ocrx_word' id='word_1_48' title='bbox 315 988 374 1051; x_wconf 93' lang='lat' dir='ltr'>per</span> <span class='ocrx_word' id='word_1_49' title='bbox 397 965 554 1034; x_wconf 75' lang='lat' dir='ltr'>adverbia</span> <span class='ocrx_word' id='word_1_50' title='bbox 574 966 702 1046; x_wconf 81' lang='lat' dir='ltr'>localia,</span> <span class='ocrx_word' id='word_1_51' title='bbox 726 969 779 1052; x_wconf 90' lang='lat'>10)</span> <span class='ocrx_word' id='word_1_52' title='bbox 801 988 861 1051; x_wconf 89' lang='lat' dir='ltr'>per</span> <span class='ocrx_word' id='word_1_53' title='bbox 882 968 1150 1052; x_wconf 74' lang='lat' dir='ltr'>praepositiones,</span> <span class='ocrx_word' id='word_1_54' title='bbox 1176 971 1229 1053; x_wconf 96' lang='lat'>11)</span> <span class='ocrx_word' id='word_1_55' title='bbox 1248 990 1307 1053; x_wconf 91' lang='lat' dir='ltr'>per</span> <span class='ocrx_word' id='word_1_56' title='bbox 1323 990 1400 1052; x_wconf 86' lang='lat' dir='ltr'>gra-</span> 
     </span>
     <span class='ocr_line' id='line_1_8' title="bbox 260 1078 1400 1166; baseline 0.003 -22"><span class='ocrx_word' id='word_1_57' title='bbox 260 1078 331 1159; x_wconf 91' lang='lat' dir='ltr'>dus,</span> <span class='ocrx_word' id='word_1_58' title='bbox 357 1081 409 1163; x_wconf 96' lang='lat'>12)</span> <span class='ocrx_word' id='word_1_59' title='bbox 432 1100 492 1164; x_wconf 90' lang='lat' dir='ltr'>per</span> <span class='ocrx_word' id='word_1_60' title='bbox 514 1079 766 1164; x_wconf 81' lang='lat' dir='ltr'>geminationem</span> <span class='ocrx_word' id='word_1_61' title='bbox 786 1079 960 1159; x_wconf 89' lang='lat' dir='ltr'>abnuendi,</span> <span class='ocrx_word' id='word_1_62' title='bbox 983 1080 1036 1163; x_wconf 86' lang='lat'>13)</span> <span class='ocrx_word' id='word_1_63' title='bbox 1058 1103 1117 1166; x_wconf 91' lang='lat' dir='ltr'>per</span> <span class='ocrx_word' id='word_1_64' title='bbox 1138 1080 1260 1146; x_wconf 84' lang='lat' dir='ltr'>ordinis</span> <span class='ocrx_word' id='word_1_65' title='bbox 1281 1082 1400 1147; x_wconf 89' lang='lat' dir='ltr'>immu-</span> 
     </span>
     <span class='ocr_line' id='line_1_9' title="bbox 261 1191 1053 1276; baseline 0.004 -21"><span class='ocrx_word' id='word_1_66' title='bbox 261 1191 427 1272; x_wconf 83' lang='lat' dir='ltr'>tationem,</span> <span class='ocrx_word' id='word_1_67' title='bbox 451 1196 504 1276; x_wconf 82' lang='grc'>14)</span> <span class='ocrx_word' id='word_1_68' title='bbox 525 1212 584 1276; x_wconf 89' lang='lat' dir='ltr'>per</span> <span class='ocrx_word' id='word_1_69' title='bbox 608 1191 866 1258; x_wconf 88' lang='lat' dir='ltr'>immutationem</span> <span class='ocrx_word' id='word_1_70' title='bbox 890 1199 1053 1258; x_wconf 82' lang='lat' dir='ltr'>accentus.</span> 
     </span>
    </p>

    <p class='ocr_par' dir='ltr' id='par_1_3' title="bbox 362 1303 1222 1388">
     <span class='ocr_line' id='line_1_10' title="bbox 362 1303 1222 1388; baseline 0.001 -20"><span class='ocrx_word' id='word_1_71' title='bbox 362 1305 431 1369; x_wconf 91' lang='lat' dir='ltr'>Iam</span> <span class='ocrx_word' id='word_1_72' title='bbox 453 1303 543 1370; x_wconf 90' lang='lat' dir='ltr'>vides</span> <span class='ocrx_word' id='word_1_73' title='bbox 564 1309 739 1388; x_wconf 88' lang='lat' dir='ltr'>utrumque</span> <span class='ocrx_word' id='word_1_74' title='bbox 762 1304 844 1370; x_wconf 88' lang='lat' dir='ltr'>alios</span> <span class='ocrx_word' id='word_1_75' title='bbox 867 1304 932 1370; x_wconf 91' lang='lat' dir='ltr'>alio</span> <span class='ocrx_word' id='word_1_76' title='bbox 955 1304 1068 1371; x_wconf 91' lang='lat' dir='ltr'>ordine</span> <span class='ocrx_word' id='word_1_77' title='bbox 1090 1305 1222 1371; x_wconf 86' lang='lat' dir='ltr'>habere.</span> 
     </span>
    </p>

    <p class='ocr_par' dir='ltr' id='par_1_4' title="bbox 252 1415 1401 1819">
     <span class='ocr_line' id='line_1_11' title="bbox 361 1415 1401 1498; baseline 0.003 -18"><span class='ocrx_word' id='word_1_78' title='bbox 361 1415 487 1480; x_wconf 88' lang='lat' dir='ltr'>Deinde</span> <span class='ocrx_word' id='word_1_79' title='bbox 515 1416 663 1482; x_wconf 81' lang='lat' dir='ltr'>conferas</span> <span class='ocrx_word' id='word_1_80' title='bbox 691 1418 790 1482; x_wconf 85' lang='lat' dir='ltr'>haee:</span> <span class='ocrx_word' id='word_1_81' title='bbox 825 1417 929 1482; x_wconf 84' lang='lat' dir='ltr'>Diom.</span> <span class='ocrx_word' id='word_1_82' title='bbox 959 1423 1091 1498; x_wconf 80' lang='lat'>454,25:</span> <span class='ocrx_word' id='word_1_83' title='bbox 1121 1424 1266 1498; x_wconf 82' lang='lat' dir='ltr'>septimos</span> <span class='ocrx_word' id='word_1_84' title='bbox 1291 1425 1401 1483; x_wconf 81' lang='lat' dir='ltr'>modas</span> 
     </span>
     <span class='ocr_line' id='line_1_12' title="bbox 252 1529 1401 1615; baseline 0.003 -24"><span class='ocrx_word' id='word_1_85' title='bbox 252 1549 315 1608; x_wconf 83' lang='lat' dir='ltr'>per</span> <span class='ocrx_word' id='word_1_86' title='bbox 338 1534 500 1608; x_wconf 76' lang='lat' dir='ltr'>qualitates</span> <span class='ocrx_word' id='word_1_87' title='bbox 523 1534 683 1594; x_wconf 83' lang='lat' dir='ltr'>uerborum</span> <span class='ocrx_word' id='word_1_88' title='bbox 702 1538 747 1607; x_wconf 75' lang='lat' dir='ltr'>fit,</span> <span class='ocrx_word' id='word_1_89' title='bbox 771 1540 805 1594; x_wconf 85' lang='lat' dir='ltr'>at</span> <span class='ocrx_word' id='word_1_90' title='bbox 828 1579 855 1594; x_wconf 94' lang='lat'>..</span> <span class='ocrx_word' id='word_1_91' title='bbox 880 1529 989 1614; x_wconf 87' lang='lat' dir='ltr'>(Verg.</span> <span class='ocrx_word' id='word_1_92' title='bbox 1012 1552 1121 1614; x_wconf 86' lang='lat' dir='ltr'>georg.</span> <span class='ocrx_word' id='word_1_93' title='bbox 1143 1531 1184 1610; x_wconf 95' lang='lat' dir='ltr'>Il,</span> <span class='ocrx_word' id='word_1_94' title='bbox 1208 1531 1284 1615; x_wconf 84' lang='lat'>425)</span> <span class='ocrx_word' id='word_1_95' title='bbox 1302 1536 1401 1609; x_wconf 71' lang='lat' dir='ltr'>linxit</span> 
     </span>
     <span class='ocr_line' id='line_1_13' title="bbox 259 1646 1400 1722; baseline 0.003 -18"><span class='ocrx_word' id='word_1_96' title='bbox 259 1646 338 1705; x_wconf 82' lang='lat' dir='ltr'>enim</span> <span class='ocrx_word' id='word_1_97' title='bbox 361 1661 515 1705; x_wconf 82' lang='lat' dir='ltr'>commane</span> <span class='ocrx_word' id='word_1_98' title='bbox 535 1646 658 1706; x_wconf 82' lang='lat' dir='ltr'>verbnm</span> <span class='ocrx_word' id='word_1_99' title='bbox 673 1647 808 1706; x_wconf 81' lang='lat' dir='ltr'>nutritor</span> <span class='ocrx_word' id='word_1_100' title='bbox 832 1646 870 1707; x_wconf 82' lang='lat' dir='ltr'>ab</span> <span class='ocrx_word' id='word_1_101' title='bbox 892 1649 1026 1722; x_wconf 79' lang='lat' dir='ltr'>eoquod</span> <span class='ocrx_word' id='word_1_102' title='bbox 1046 1655 1116 1708; x_wconf 86' lang='lat' dir='ltr'>erat</span> <span class='ocrx_word' id='word_1_103' title='bbox 1130 1648 1260 1708; x_wconf 77' lang='lat' dir='ltr'>oetioom</span> <span class='ocrx_word' id='word_1_104' title='bbox 1283 1649 1400 1719; x_wconf 80' lang='lat' dir='ltr'>nutrio,</span> 
     </span>
     <span class='ocr_line' id='line_1_14' title="bbox 262 1756 752 1819; baseline 0.004 -2"><span class='ocrx_word' id='word_1_105' title='bbox 262 1774 330 1817; x_wconf 83' lang='lat' dir='ltr'>eam</span> <span class='ocrx_word' id='word_1_106' title='bbox 353 1756 479 1818; x_wconf 82' lang='lat' dir='ltr'>deberet</span> <span class='ocrx_word' id='word_1_107' title='bbox 500 1758 605 1819; x_wconf 79' lang='lat' dir='ltr'>dicere</span> <span class='ocrx_word' id='word_1_108' title='bbox 628 1759 752 1819; x_wconf 80' lang='lat' dir='ltr'>nutrito.</span> 
     </span>
    </p>

    <p class='ocr_par' dir='ltr' id='par_1_5' title="bbox 253 1865 1400 2175">
     <span class='ocr_line' id='line_1_15' title="bbox 361 1865 1399 1951; baseline 0.001 -20"><span class='ocrx_word' id='word_1_109' title='bbox 361 1865 482 1931; x_wconf 80' lang='lat' dir='ltr'>(lomiu.</span> <span class='ocrx_word' id='word_1_110' title='bbox 512 1870 645 1947; x_wconf 81' lang='lat'>266,25:</span> <span class='ocrx_word' id='word_1_111' title='bbox 676 1887 740 1945; x_wconf 82' lang='lat' dir='ltr'>per</span> <span class='ocrx_word' id='word_1_112' title='bbox 778 1871 942 1944; x_wconf 78' lang='lat' dir='ltr'>qualitates</span> <span class='ocrx_word' id='word_1_113' title='bbox 973 1872 1133 1933; x_wconf 82' lang='lat' dir='ltr'>verboram</span> <span class='ocrx_word' id='word_1_114' title='bbox 1161 1879 1195 1932; x_wconf 82' lang='lat' dir='ltr'>at</span> <span class='ocrx_word' id='word_1_115' title='bbox 1225 1917 1255 1931; x_wconf 87' lang='lat'>..</span> <span class='ocrx_word' id='word_1_116' title='bbox 1287 1869 1399 1951; x_wconf 81' lang='lat' dir='ltr'>(Verg.</span> 
     </span>
     <span class='ocr_line' id='line_1_16' title="bbox 258 1977 1400 2063; baseline 0.001 -20"><span class='ocrx_word' id='word_1_117' title='bbox 258 1979 337 2043; x_wconf 87' lang='lat' dir='ltr'>Aen.</span> <span class='ocrx_word' id='word_1_118' title='bbox 362 1977 437 2058; x_wconf 86' lang='lat' dir='ltr'>XII,</span> <span class='ocrx_word' id='word_1_119' title='bbox 462 1980 538 2063; x_wconf 84' lang='lat'>216)</span> <span class='ocrx_word' id='word_1_120' title='bbox 556 1999 619 2059; x_wconf 79' lang='lat' dir='ltr'>pro</span> <span class='ocrx_word' id='word_1_121' title='bbox 642 1982 818 2059; x_wconf 61' lang='lat' dir='ltr'>hidebertum</span> <span class='ocrx_word' id='word_1_122' title='bbox 845 1984 953 2057; x_wconf 77' lang='lat' dir='ltr'>posuit</span> <span class='ocrx_word' id='word_1_123' title='bbox 972 1985 1051 2043; x_wconf 78' lang='lat' dir='ltr'>enim</span> <span class='ocrx_word' id='word_1_124' title='bbox 1073 1984 1252 2057; x_wconf 79' lang='lat' dir='ltr'>infinitivam</span> <span class='ocrx_word' id='word_1_125' title='bbox 1275 1984 1400 2044; x_wconf 82' lang='lat' dir='ltr'>verbam</span> 
     </span>
     <span class='ocr_line' id='line_1_17' title="bbox 253 2089 671 2175; baseline 0.005 -22"><span class='ocrx_word' id='word_1_126' title='bbox 253 2111 317 2170; x_wconf 82' lang='lat' dir='ltr'>pro</span> <span class='ocrx_word' id='word_1_127' title='bbox 335 2095 452 2167; x_wconf 80' lang='lat' dir='ltr'>finitive</span> <span class='ocrx_word' id='word_1_128' title='bbox 476 2089 529 2175; x_wconf 84' lang='grc'>(01.</span> <span class='ocrx_word' id='word_1_129' title='bbox 553 2091 671 2173; x_wconf 85' lang='grc'>267,1).</span> 
     </span>
    </p>

    <p class='ocr_par' dir='ltr' id='par_1_6' title="bbox 362 2202 1401 2286">
     <span class='ocr_line' id='line_1_18' title="bbox 362 2202 1401 2286; baseline 0.002 -20"><span class='ocrx_word' id='word_1_130' title='bbox 362 2202 468 2267; x_wconf 82' lang='lat' dir='ltr'>hlium</span> <span class='ocrx_word' id='word_1_131' title='bbox 508 2202 596 2286; x_wconf 92' lang='lat' dir='ltr'>apud</span> <span class='ocrx_word' id='word_1_132' title='bbox 636 2224 900 2286; x_wconf 88' lang='lat' dir='ltr'>unumquemque</span> <span class='ocrx_word' id='word_1_133' title='bbox 937 2224 1066 2269; x_wconf 87' lang='lat' dir='ltr'>sensum</span> <span class='ocrx_word' id='word_1_134' title='bbox 1102 2204 1226 2270; x_wconf 87' lang='lat' dir='ltr'>habere</span> <span class='ocrx_word' id='word_1_135' title='bbox 1263 2204 1401 2269; x_wconf 85' lang='lat' dir='ltr'>verbum</span> 
     </span>
    </p>
   </div>
   <div class='ocr_carea' id='block_1_3' title="bbox 258 2313 1400 3074">
    <p class='ocr_par' dir='ltr' id='par_1_7' title="bbox 258 2313 1400 3074">
     <span class='ocr_line' id='line_1_19' title="bbox 259 2313 1400 2400; baseline 0.001 -22"><span class='ocrx_word' id='word_1_136' title='bbox 259 2320 415 2393; x_wconf 79' lang='lat' dir='ltr'>qualitatis</span> <span class='ocrx_word' id='word_1_137' title='bbox 445 2313 544 2380; x_wconf 82' lang='lat' dir='ltr'>vides.</span> <span class='ocrx_word' id='word_1_138' title='bbox 590 2315 703 2398; x_wconf 85' lang='lat' dir='ltr'>Neque</span> <span class='ocrx_word' id='word_1_139' title='bbox 732 2316 838 2380; x_wconf 90' lang='lat' dir='ltr'>miuus</span> <span class='ocrx_word' id='word_1_140' title='bbox 868 2336 930 2380; x_wconf 84' lang='lat' dir='ltr'>vox</span> <span class='ocrx_word' id='word_1_141' title='bbox 959 2323 1066 2381; x_wconf 81' lang='lat' dir='ltr'>mortus</span> <span class='ocrx_word' id='word_1_142' title='bbox 1096 2315 1138 2381; x_wconf 90' lang='lat' dir='ltr'>ab</span> <span class='ocrx_word' id='word_1_143' title='bbox 1167 2321 1307 2400; x_wconf 88' lang='lat' dir='ltr'>utroque</span> <span class='ocrx_word' id='word_1_144' title='bbox 1330 2315 1400 2380; x_wconf 90' lang='lat' dir='ltr'>alia</span> 
     </span>
     <span class='ocr_line' id='line_1_20' title="bbox 258 2424 1399 2508; baseline 0.002 -18"><span class='ocrx_word' id='word_1_145' title='bbox 258 2424 433 2491; x_wconf 86' lang='lat' dir='ltr'>adhibetur</span> <span class='ocrx_word' id='word_1_146' title='bbox 456 2428 600 2492; x_wconf 90' lang='lat' dir='ltr'>notione:</span> <span class='ocrx_word' id='word_1_147' title='bbox 632 2428 735 2492; x_wconf 89' lang='lat' dir='ltr'>Diom.</span> <span class='ocrx_word' id='word_1_148' title='bbox 759 2433 892 2505; x_wconf 66' lang='lat'>45429:</span> <span class='ocrx_word' id='word_1_149' title='bbox 921 2440 1044 2494; x_wconf 82' lang='lat' dir='ltr'>octonos</span> <span class='ocrx_word' id='word_1_150' title='bbox 1066 2436 1172 2494; x_wconf 81' lang='lat' dir='ltr'>modos</span> <span class='ocrx_word' id='word_1_151' title='bbox 1191 2438 1228 2506; x_wconf 83' lang='lat' dir='ltr'>fit</span> <span class='ocrx_word' id='word_1_152' title='bbox 1244 2451 1306 2508; x_wconf 79' lang='lat' dir='ltr'>per</span> <span class='ocrx_word' id='word_1_153' title='bbox 1329 2451 1399 2492; x_wconf 83' lang='lat' dir='ltr'>oer-</span> 
     </span>
     <span class='ocr_line' id='line_1_21' title="bbox 258 2540 1399 2624; baseline 0.001 -22"><span class='ocrx_word' id='word_1_154' title='bbox 258 2542 364 2603; x_wconf 83' lang='lat' dir='ltr'>borum</span> <span class='ocrx_word' id='word_1_155' title='bbox 390 2545 493 2604; x_wconf 83' lang='lat' dir='ltr'>modos</span> <span class='ocrx_word' id='word_1_156' title='bbox 522 2551 556 2604; x_wconf 81' lang='lat' dir='ltr'>et</span> <span class='ocrx_word' id='word_1_157' title='bbox 585 2590 611 2604; x_wconf 91' lang='lat'>..</span> <span class='ocrx_word' id='word_1_158' title='bbox 640 2542 731 2624; x_wconf 81' lang='lat' dir='ltr'>(Aen.</span> <span class='ocrx_word' id='word_1_159' title='bbox 764 2540 842 2618; x_wconf 85' lang='lat' dir='ltr'>XII,</span> <span class='ocrx_word' id='word_1_160' title='bbox 874 2543 950 2624; x_wconf 88' lang='lat'>210)</span> <span class='ocrx_word' id='word_1_161' title='bbox 980 2546 1080 2605; x_wconf 81' lang='lat' dir='ltr'>videri</span> <span class='ocrx_word' id='word_1_162' title='bbox 1110 2548 1188 2605; x_wconf 82' lang='lat' dir='ltr'>enim</span> <span class='ocrx_word' id='word_1_163' title='bbox 1218 2547 1399 2618; x_wconf 80' lang='lat' dir='ltr'>infinitivam</span> 
     </span>
     <span class='ocr_line' id='line_1_22' title="bbox 258 2657 1397 2731; baseline 0.004 -17"><span class='ocrx_word' id='word_1_164' title='bbox 258 2657 376 2715; x_wconf 81' lang='lat' dir='ltr'>modom</span> <span class='ocrx_word' id='word_1_165' title='bbox 395 2657 501 2730; x_wconf 77' lang='lat' dir='ltr'>posuit</span> <span class='ocrx_word' id='word_1_166' title='bbox 517 2672 581 2730; x_wconf 79' lang='lat' dir='ltr'>pro</span> <span class='ocrx_word' id='word_1_167' title='bbox 593 2658 837 2731; x_wconf 76' lang='lat' dir='ltr'>pronuntiative,</span> <span class='ocrx_word' id='word_1_168' title='bbox 861 2674 927 2717; x_wconf 84' lang='lat' dir='ltr'>eam</span> <span class='ocrx_word' id='word_1_169' title='bbox 942 2658 1066 2719; x_wconf 81' lang='lat' dir='ltr'>deberet</span> <span class='ocrx_word' id='word_1_170' title='bbox 1082 2659 1188 2719; x_wconf 76' lang='lat' dir='ltr'>dicere</span> <span class='ocrx_word' id='word_1_171' title='bbox 1203 2658 1397 2718; x_wconf 77' lang='lat' dir='ltr'>videbanter.</span> 
     </span>
     <span class='ocr_line' id='line_1_23' title="bbox 361 2763 1398 2845; baseline 0.002 -18"><span class='ocrx_word' id='word_1_172' title='bbox 361 2763 481 2828; x_wconf 86' lang='lat' dir='ltr'>Gomiu.</span> <span class='ocrx_word' id='word_1_173' title='bbox 506 2769 616 2845; x_wconf 83' lang='grc'>267,8;</span> <span class='ocrx_word' id='word_1_174' title='bbox 643 2787 705 2844; x_wconf 78' lang='lat' dir='ltr'>per</span> <span class='ocrx_word' id='word_1_175' title='bbox 727 2772 848 2840; x_wconf 86' lang='lat' dir='ltr'>modos,</span> <span class='ocrx_word' id='word_1_176' title='bbox 874 2777 926 2829; x_wconf 82' lang='lat' dir='ltr'>at:</span> <span class='ocrx_word' id='word_1_177' title='bbox 957 2788 1014 2830; x_wconf 89' lang='lat' dir='ltr'>nee</span> <span class='ocrx_word' id='word_1_178' title='bbox 1035 2771 1104 2831; x_wconf 77' lang='lat' dir='ltr'>oeni</span> <span class='ocrx_word' id='word_1_179' title='bbox 1126 2771 1187 2830; x_wconf 79' lang='lat' dir='ltr'>nisi</span> <span class='ocrx_word' id='word_1_180' title='bbox 1204 2775 1277 2845; x_wconf 82' lang='lat' dir='ltr'>seta</span> <span class='ocrx_word' id='word_1_181' title='bbox 1299 2773 1398 2829; x_wconf 81' lang='lat' dir='ltr'>locum</span> 
     </span>
     <span class='ocr_line' id='line_1_24' title="bbox 259 2876 1232 2962; baseline 0.005 -24"><span class='ocrx_word' id='word_1_182' title='bbox 259 2881 422 2954; x_wconf 77' lang='lat' dir='ltr'>sedemque</span> <span class='ocrx_word' id='word_1_183' title='bbox 443 2881 600 2941; x_wconf 79' lang='lat' dir='ltr'>dedissent</span> <span class='ocrx_word' id='word_1_184' title='bbox 623 2879 714 2962; x_wconf 86' lang='lat' dir='ltr'>(Aen.</span> <span class='ocrx_word' id='word_1_185' title='bbox 738 2876 793 2955; x_wconf 85' lang='lat' dir='ltr'>XI,</span> <span class='ocrx_word' id='word_1_186' title='bbox 819 2878 894 2961; x_wconf 92' lang='lat'>112)</span> <span class='ocrx_word' id='word_1_187' title='bbox 911 2899 974 2958; x_wconf 79' lang='lat' dir='ltr'>pro</span> <span class='ocrx_word' id='word_1_188' title='bbox 997 2899 1054 2942; x_wconf 87' lang='lat' dir='ltr'>nee</span> <span class='ocrx_word' id='word_1_189' title='bbox 1075 2884 1232 2943; x_wconf 76' lang='lat' dir='ltr'>vertissem.</span> 
     </span>
     <span class='ocr_line' id='line_1_25' title="bbox 360 2987 1396 3074; baseline 0.003 -22"><span class='ocrx_word' id='word_1_190' title='bbox 360 2987 473 3070; x_wconf 87' lang='lat' dir='ltr'>Neque</span> <span class='ocrx_word' id='word_1_191' title='bbox 503 2988 599 3054; x_wconf 89' lang='lat' dir='ltr'>aliter</span> <span class='ocrx_word' id='word_1_192' title='bbox 618 3011 671 3054; x_wconf 83' lang='lat' dir='ltr'>res</span> <span class='ocrx_word' id='word_1_193' title='bbox 695 2989 869 3069; x_wconf 92' lang='lat' dir='ltr'>sehabet,</span> <span class='ocrx_word' id='word_1_194' title='bbox 899 2991 927 3054; x_wconf 89' lang='lat' dir='ltr'>si</span> <span class='ocrx_word' id='word_1_195' title='bbox 949 2990 1114 3055; x_wconf 90' lang='lat' dir='ltr'>Diomedis</span> <span class='ocrx_word' id='word_1_196' title='bbox 1141 2991 1396 3074; x_wconf 90' lang='lat' dir='ltr'>disputationem</span> 
     </span>
    </p>
   </div>
   <div class='ocr_carea' id='block_1_4' title="bbox 256 3100 1402 4312">
    <p class='ocr_par' dir='ltr' id='par_1_8' title="bbox 256 3100 1402 4312">
     <span class='ocr_line' id='line_1_26' title="bbox 258 3100 1396 3184; baseline 0.004 -21"><span class='ocrx_word' id='word_1_197' title='bbox 258 3121 331 3164; x_wconf 89' lang='lat' dir='ltr'>oum</span> <span class='ocrx_word' id='word_1_198' title='bbox 354 3102 503 3184; x_wconf 84' lang='lat' dir='ltr'>anonymi</span> <span class='ocrx_word' id='word_1_199' title='bbox 527 3101 709 3167; x_wconf 84' lang='lat' dir='ltr'>Charisiaui</span> <span class='ocrx_word' id='word_1_200' title='bbox 741 3100 925 3167; x_wconf 89' lang='lat' dir='ltr'>contuleris.</span> <span class='ocrx_word' id='word_1_201' title='bbox 971 3103 1065 3166; x_wconf 87' lang='lat' dir='ltr'>Hune</span> <span class='ocrx_word' id='word_1_202' title='bbox 1098 3104 1183 3166; x_wconf 91' lang='lat' dir='ltr'>enim</span> <span class='ocrx_word' id='word_1_203' title='bbox 1207 3104 1248 3168; x_wconf 91' lang='lat' dir='ltr'>ab</span> <span class='ocrx_word' id='word_1_204' title='bbox 1273 3112 1396 3168; x_wconf 89' lang='lat' dir='ltr'>eonon</span> 
     </span>
     <span class='ocr_line' id='line_1_27' title="bbox 257 3211 1398 3297; baseline 0.004 -22"><span class='ocrx_word' id='word_1_205' title='bbox 257 3211 290 3275; x_wconf 88' lang='grc'>11</span> <span class='ocrx_word' id='word_1_206' title='bbox 315 3234 408 3277; x_wconf 92' lang='lat' dir='ltr'>nsum</span> <span class='ocrx_word' id='word_1_207' title='bbox 441 3218 591 3278; x_wconf 80' lang='lat' dir='ltr'>vocatum</span> <span class='ocrx_word' id='word_1_208' title='bbox 620 3214 695 3279; x_wconf 91' lang='lat' dir='ltr'>iude</span> <span class='ocrx_word' id='word_1_209' title='bbox 722 3214 955 3297; x_wconf 82' lang='lat' dir='ltr'>intellegimus,</span> <span class='ocrx_word' id='word_1_210' title='bbox 987 3214 1074 3297; x_wconf 89' lang='lat' dir='ltr'>quod</span> <span class='ocrx_word' id='word_1_211' title='bbox 1101 3221 1180 3279; x_wconf 88' lang='lat' dir='ltr'>tuno</span> <span class='ocrx_word' id='word_1_212' title='bbox 1201 3237 1266 3279; x_wconf 88' lang='lat' dir='ltr'>non</span> <span class='ocrx_word' id='word_1_213' title='bbox 1288 3216 1398 3280; x_wconf 82' lang='lat' dir='ltr'>dicere</span> 
     </span>
     <span class='ocr_line' id='line_1_28' title="bbox 256 3325 1397 3410; baseline 0.004 -22"><span class='ocrx_word' id='word_1_214' title='bbox 256 3325 373 3408; x_wconf 90' lang='lat' dir='ltr'>potuit,</span> <span class='ocrx_word' id='word_1_215' title='bbox 397 3325 478 3391; x_wconf 89' lang='lat' dir='ltr'>alios</span> <span class='ocrx_word' id='word_1_216' title='bbox 500 3326 761 3409; x_wconf 81' lang='lat' dir='ltr'>quattuordecim</span> <span class='ocrx_word' id='word_1_217' title='bbox 787 3327 868 3391; x_wconf 87' lang='lat' dir='ltr'>alios</span> <span class='ocrx_word' id='word_1_218' title='bbox 892 3327 1076 3410; x_wconf 87' lang='lat' dir='ltr'>quindecim</span> <span class='ocrx_word' id='word_1_219' title='bbox 1098 3349 1271 3392; x_wconf 89' lang='lat' dir='ltr'>numerare</span> <span class='ocrx_word' id='word_1_220' title='bbox 1293 3328 1397 3393; x_wconf 88' lang='lat' dir='ltr'>soloe-</span> 
     </span>
     <span class='ocr_line' id='line_1_29' title="bbox 258 3437 1402 3522; baseline 0.003 -22"><span class='ocrx_word' id='word_1_221' title='bbox 258 3437 392 3518; x_wconf 74' lang='lat' dir='ltr'>cismos,</span> <span class='ocrx_word' id='word_1_222' title='bbox 433 3458 610 3522; x_wconf 81' lang='lat' dir='ltr'>anonymus</span> <span class='ocrx_word' id='word_1_223' title='bbox 654 3439 739 3503; x_wconf 92' lang='lat' dir='ltr'>enim</span> <span class='ocrx_word' id='word_1_224' title='bbox 784 3438 1006 3521; x_wconf 89' lang='lat' dir='ltr'>duodeviginti</span> <span class='ocrx_word' id='word_1_225' title='bbox 1043 3439 1151 3504; x_wconf 89' lang='lat' dir='ltr'>habet.</span> <span class='ocrx_word' id='word_1_226' title='bbox 1210 3440 1402 3505; x_wconf 83' lang='lat' dir='ltr'>Sacerdotis</span> 
     </span>
     <span class='ocr_line' id='line_1_30' title="bbox 259 3547 1396 3636; baseline 0.004 -24"><span class='ocrx_word' id='word_1_227' title='bbox 259 3547 398 3632; x_wconf 90' lang='lat' dir='ltr'>deniqne</span> <span class='ocrx_word' id='word_1_228' title='bbox 424 3555 589 3614; x_wconf 88' lang='lat' dir='ltr'>auotorem</span> <span class='ocrx_word' id='word_1_229' title='bbox 613 3571 686 3615; x_wconf 92' lang='lat' dir='ltr'>eum</span> <span class='ocrx_word' id='word_1_230' title='bbox 708 3572 772 3615; x_wconf 90' lang='lat' dir='ltr'>non</span> <span class='ocrx_word' id='word_1_231' title='bbox 797 3556 944 3616; x_wconf 85' lang='lat' dir='ltr'>secutum</span> <span class='ocrx_word' id='word_1_232' title='bbox 965 3573 1036 3616; x_wconf 89' lang='lat' dir='ltr'>esse</span> <span class='ocrx_word' id='word_1_233' title='bbox 1060 3553 1167 3636; x_wconf 91' lang='lat' dir='ltr'>primo</span> <span class='ocrx_word' id='word_1_234' title='bbox 1190 3552 1307 3617; x_wconf 90' lang='lat' dir='ltr'>obtutu</span> <span class='ocrx_word' id='word_1_235' title='bbox 1329 3552 1396 3618; x_wconf 90' lang='lat' dir='ltr'>eln-</span> 
     </span>
     <span class='ocr_line' id='line_1_31' title="bbox 257 3660 1396 3746; baseline 0.004 -21"><span class='ocrx_word' id='word_1_236' title='bbox 257 3666 310 3725; x_wconf 91' lang='lat' dir='ltr'>oet</span> <span class='ocrx_word' id='word_1_237' title='bbox 330 3660 383 3745; x_wconf 81' lang='lat' dir='ltr'>(of.</span> <span class='ocrx_word' id='word_1_238' title='bbox 408 3661 464 3740; x_wconf 92' lang='lat' dir='ltr'>VI,</span> <span class='ocrx_word' id='word_1_239' title='bbox 495 3668 609 3739; x_wconf 75' lang='lat' dir='ltr'>malo</span> <span class='ocrx_word' id='word_1_240' title='bbox 623 3664 693 3746; x_wconf 86' lang='lat' dir='ltr'>sq.)</span> <span class='ocrx_word' id='word_1_241' title='bbox 739 3662 852 3746; x_wconf 86' lang='lat' dir='ltr'>Neque</span> <span class='ocrx_word' id='word_1_242' title='bbox 875 3663 996 3727; x_wconf 88' lang='lat' dir='ltr'>Donati</span> <span class='ocrx_word' id='word_1_243' title='bbox 1022 3670 1188 3729; x_wconf 80' lang='lat' dir='ltr'>auctorem</span> <span class='ocrx_word' id='word_1_244' title='bbox 1211 3665 1243 3728; x_wconf 92' lang='lat' dir='ltr'>in</span> <span class='ocrx_word' id='word_1_245' title='bbox 1267 3686 1396 3729; x_wconf 90' lang='lat' dir='ltr'>enume-</span> 
     </span>
     <span class='ocr_line' id='line_1_32' title="bbox 256 3773 1398 3860; baseline 0.003 -23"><span class='ocrx_word' id='word_1_246' title='bbox 256 3774 386 3838; x_wconf 86' lang='lat' dir='ltr'>ratione</span> <span class='ocrx_word' id='word_1_247' title='bbox 418 3773 680 3839; x_wconf 90' lang='lat' dir='ltr'>soloeoismorum</span> <span class='ocrx_word' id='word_1_248' title='bbox 713 3782 888 3860; x_wconf 86' lang='lat' dir='ltr'>propterea</span> <span class='ocrx_word' id='word_1_249' title='bbox 919 3776 1047 3841; x_wconf 88' lang='lat' dir='ltr'>videtur</span> <span class='ocrx_word' id='word_1_250' title='bbox 1077 3777 1281 3855; x_wconf 87' lang='lat' dir='ltr'>adhibuisse,</span> <span class='ocrx_word' id='word_1_251' title='bbox 1310 3777 1398 3860; x_wconf 93' lang='lat' dir='ltr'>quod</span> 
     </span>
     <span class='ocr_line' id='line_1_33' title="bbox 256 3886 1395 3972; baseline 0.004 -23"><span class='ocrx_word' id='word_1_252' title='bbox 256 3886 376 3950; x_wconf 91' lang='lat' dir='ltr'>Donati</span> <span class='ocrx_word' id='word_1_253' title='bbox 395 3887 616 3969; x_wconf 89' lang='lat' dir='ltr'>dispositionis</span> <span class='ocrx_word' id='word_1_254' title='bbox 634 3888 774 3970; x_wconf 31' lang='lat' dir='ltr'>,vestigia</span> <span class='ocrx_word' id='word_1_255' title='bbox 791 3889 881 3953; x_wconf 91' lang='lat' dir='ltr'>nulla</span> <span class='ocrx_word' id='word_1_256' title='bbox 897 3895 1065 3972; x_wconf 89' lang='lat' dir='ltr'>apparent.</span> <span class='ocrx_word' id='word_1_257' title='bbox 1105 3891 1148 3953; x_wconf 81' lang='lat' dir='ltr'>nt</span> <span class='ocrx_word' id='word_1_258' title='bbox 1171 3890 1287 3968; x_wconf 90' lang='lat' dir='ltr'>omnia,</span> <span class='ocrx_word' id='word_1_259' title='bbox 1311 3910 1395 3972; x_wconf 90' lang='lat' dir='ltr'>quae</span> 
     </span>
     <span class='ocr_line' id='line_1_34' title="bbox 256 3998 1395 4085; baseline 0.005 -25"><span class='ocrx_word' id='word_1_260' title='bbox 256 3998 344 4080; x_wconf 90' lang='lat' dir='ltr'>apud</span> <span class='ocrx_word' id='word_1_261' title='bbox 363 3999 525 4063; x_wconf 89' lang='lat' dir='ltr'>Donatum</span> <span class='ocrx_word' id='word_1_262' title='bbox 545 4005 723 4077; x_wconf 71' lang='lat' dir='ltr'>sesa-17</span> <span class='ocrx_word' id='word_1_263' title='bbox 746 4005 903 4083; x_wconf 87' lang='lat' dir='ltr'>tanquam</span> <span class='ocrx_word' id='word_1_264' title='bbox 927 4002 1084 4084; x_wconf 90' lang='lat' dir='ltr'>prooemii</span> <span class='ocrx_word' id='word_1_265' title='bbox 1107 4002 1178 4066; x_wconf 88' lang='lat' dir='ltr'>loeo</span> <span class='ocrx_word' id='word_1_266' title='bbox 1202 4006 1286 4078; x_wconf 88' lang='lat' dir='ltr'>sunt,</span> <span class='ocrx_word' id='word_1_267' title='bbox 1308 4001 1395 4085; x_wconf 89' lang='lat' dir='ltr'>apud</span> 
     </span>
     <span class='ocr_line' id='line_1_35' title="bbox 256 4107 1394 4195; baseline 0.006 -24"><span class='ocrx_word' id='word_1_268' title='bbox 256 4107 446 4173; x_wconf 91' lang='lat' dir='ltr'>Diomedem</span> <span class='ocrx_word' id='word_1_269' title='bbox 474 4109 532 4174; x_wconf 90' lang='lat' dir='ltr'>sed</span> <span class='ocrx_word' id='word_1_270' title='bbox 562 4111 663 4175; x_wconf 90' lang='lat' dir='ltr'>multo</span> <span class='ocrx_word' id='word_1_271' title='bbox 694 4109 849 4176; x_wconf 90' lang='lat' dir='ltr'>uberiora</span> <span class='ocrx_word' id='word_1_272' title='bbox 879 4118 978 4195; x_wconf 88' lang='lat' dir='ltr'>atque</span> <span class='ocrx_word' id='word_1_273' title='bbox 1010 4114 1074 4178; x_wconf 89' lang='lat' dir='ltr'>alio</span> <span class='ocrx_word' id='word_1_274' title='bbox 1106 4114 1219 4178; x_wconf 90' lang='lat' dir='ltr'>ordine</span> <span class='ocrx_word' id='word_1_275' title='bbox 1249 4114 1394 4178; x_wconf 89' lang='lat' dir='ltr'>redeunt.</span> 
     </span>
     <span class='ocr_line' id='line_1_36' title="bbox 259 4218 1395 4312; baseline 0.01 -32"><span class='ocrx_word' id='word_1_276' title='bbox 259 4218 306 4280; x_wconf 91' lang='lat' dir='ltr'>De</span> <span class='ocrx_word' id='word_1_277' title='bbox 330 4220 448 4301; x_wconf 88' lang='lat' dir='ltr'>quibus</span> <span class='ocrx_word' id='word_1_278' title='bbox 470 4242 556 4284; x_wconf 90' lang='lat' dir='ltr'>nuno</span> <span class='ocrx_word' id='word_1_279' title='bbox 583 4222 677 4285; x_wconf 90' lang='lat' dir='ltr'>nobis</span> <span class='ocrx_word' id='word_1_280' title='bbox 708 4222 939 4305; x_wconf 85' lang='lat' dir='ltr'>disputandum</span> <span class='ocrx_word' id='word_1_281' title='bbox 970 4230 1019 4288; x_wconf 92' lang='lat' dir='ltr'>est</span> <span class='ocrx_word' id='word_1_282' title='bbox 1049 4225 1102 4309; x_wconf 86' lang='lat' dir='ltr'>(of.</span> <span class='ocrx_word' id='word_1_283' title='bbox 1134 4226 1288 4291; x_wconf 91' lang='lat' dir='ltr'>tabellam</span> <span class='ocrx_word' id='word_1_284' title='bbox 1321 4248 1395 4312; x_wconf 85' lang='lat' dir='ltr'>pag.</span> 
     </span>
    </p>
   </div>
   <div class='ocr_carea' id='block_1_5' title="bbox 0 0 1580 4642">
    <p class='ocr_par' dir='ltr' id='par_1_9' title="bbox 0 0 1580 4642">
     <span class='ocr_line' id='line_1_37' title="bbox 0 0 1580 4642; baseline 0 2"><span class='ocrx_word' id='word_1_285' title='bbox 0 0 1580 4642; x_wconf 95' lang='lat' dir='ltr'> </span> 
     </span>
    </p>
   </div>
  </div>
 </body>
</html>
