3150 4642
636 196 852 255 -27-

176 364 360 429 Plconasmi
388 368 498 429 autem
534 362 754 429 definitionem
795 363 983 429 adscribere
1012 385 1076 429 non
1105 352 1203 429 ausus
1233 386 1313 444 sum,

176 477 284 561 prim
294 499 356 542 um
378 476 466 559 qued
488 477 557 542 eius
573 477 678 541 forma
693 498 758 542 non
773 497 909 561 prorsus
926 476 1040 542 cadem
1055 481 1106 542 θεῖ
1127 483 1226 560 atque
1243 476 1330 547 illa.

176 611 249 654 rum
264 610 331 669 sex,
353 588 507 654 deinde
525 587 622 672 quod,
646 610 719 654 cum
733 588 864 654 illarum
880 588 970 655 nulla
984 610 1090 671 neque
1106 589 1194 673 apud
1206 589 1313 653 Dona-

177 707 247 767 tum
269 722 374 784 nequc
395 700 484 786 apud
503 700 685 767 Charisium
701 722 807 785 neque
825 701 924 766 alium
947 700 1174 785 artigraphum
1191 701 1314 780 redeat,

176 814 356 898 pleonasmi
379 813 467 898 apud
491 814 674 880 Charisium
697 819 788 894 271,1
813 813 942 898 legitur.
986 814 1082 879 Tum
1099 813 1237 881 Charisii
1259 813 1313 878 dc·

176 927 339 993 finitiones
377 926 557 1010 pleonasmi
592 932 626 992 et
656 926 807 1012 ellipseos
843 928 966 1013 (atla)
997 948 1038 993 ex
1072 926 1187 992 codem
1224 925 1313 991 fonte

178 1039 310 1105 fluxisse
331 1038 506 1124 apparebit
527 1040 633 1105 forma
656 1060 769 1105 earum
792 1039 920 1104 collata.

179 1151 391 1218 Pleonasmus
422 1157 472 1218 est
503 1153 664 1220 sententia
700 1152 799 1218 verbo
837 1152 911 1237 plue
969 1171 1067 1236 quam
1096 1172 1228 1218 necesse
1264 1157 1316 1217 est

1136 1263 1315 1330 abundans,

177 1376 308 1460 Ellipsis
425 1383 476 1443 θεῖ
505 1378 667 1443 sententia
700 1377 800 1443 verbo
837 1377 942 1442 minor
964 1398 1063 1460 quam
1093 1398 1225 1443 necesse
1256 1382 1314 1443 est.

177 1489 337 1573 Ellipseos
361 1495 471 1555 autem
493 1488 713 1556 definitionem
736 1489 910 1555 Diomedes
937 1510 1002 1553 non
1025 1511 1065 1554 ex
1090 1490 1204 1555 eodem
1226 1489 1315 1555 toute

178 1602 359 1686 exscripsit,
382 1602 468 1667 unde
490 1624 548 1668 sex
569 1602 653 1683 illas,
676 1624 759 1687 quas
781 1622 882 1688 supra
902 1601 1022 1667 notavi.

284 1714 348 1780 Sex
370 1720 480 1781 autem
501 1714 575 1781 illas
599 1721 633 1780 ct
657 1719 793 1800 propter
815 1715 954 1781 formam
977 1720 1018 1795 et,
1041 1714 1129 1798 quod
1150 1714 1316 1780 Diomedis

177 1827 332 1911 propriae
353 1834 436 1908 sunt,
459 1850 499 1894 ex
521 1850 585 1893 uno
608 1828 786 1912 eodemque
805 1827 895 1893 fonte
908 1827 1042 1892 fluxisse
1055 1831 1239 1893 statuamus
1260 1848 1315 1891 nc·

179 1960 268 2004 cesse
292 1944 361 2021 est,
383 1961 480 2024 quem
503 1940 619 2006 Scauri
642 1945 746 2006 artem
767 1940 868 2006 fuisse
890 1940 966 2005 inde
987 1939 1202 2025 intellegitur,
1228 1938 1316 2023 quod

177 2073 243 2116 una
265 2073 377 2117 earum
402 2053 647 2138 (macrologiae)
670 2074 687 2119 θ
711 2053 835 2119 Scauro
857 2053 1029 2138 desumpta
1051 2056 1109 2119 θεῖ.

281 2165 405 2230 Deinde
428 2151 512 2231 duae
533 2165 619 2232 aliae
635 2170 710 2231 sunt
727 2164 941 2245 definitiones,
964 2164 1208 2249 aeschrologiae
1228 2166 1315 2249 (450,

179 2278 251 2361 32):
287 2284 502 2359 aeschrolopc’c
535 2289 581 2343 cst
614 2284 685 2343 citio
722 2283 948 2358 compositionis
975 2284 1186 2343 inuerecunda
1217 2281 1316 2341 oratio

178 2394 212 2453 et
233 2390 426 2473 cacenphati
455 2393 577 2477 (4513)
601 2397 812 2470 cacenphaton
843 2402 889 2457 cst
914 2396 986 2456 citio
1017 2394 1241 2470 compositione
1269 2395 1315 2453 in-

178 2508 354 2567 verecundo
376 2508 523 2582 suspitio,
549 2525 630 2587 quas
652 2509 788 2588 propter
810 2503 989 2569 formarum
1009 2502 1254 2569 similitudinem
1276 2522 1316 2566 ex

179 2614 291 2679 eodem
315 2616 404 2681 fonte
420 2615 585 2682 derivatae
601 2638 672 2682 esse
690 2638 765 2681 vere
778 2616 974 2682 contendere
985 2636 1166 2701 possumus.
1206 2614 1316 2680 Etiam

177 2727 240 2792 hae
263 2726 351 2812 apud
380 2728 479 2794 alium
511 2730 759 2813 grammaticum
787 2728 912 2795 nullum
934 2728 1103 2814 leguntur;
1131 2727 1307 2794 aeschrolo·

178 2841 250 2923 giae
280 2843 476 2907 mentionem
507 2842 586 2908 fecit
614 2848 746 2927 praeter
768 2842 958 2908 Diomedem
980 2841 1140 2909 Sacerdos
1162 2841 1221 2924 (Vl
1243 2846 1316 2920 453,

181 2956 244 3038 19),
266 2955 358 3019 cuius
387 2975 427 3018 ex
450 2955 539 3019 fonte
561 2961 697 3039 propter
720 2975 873 3037 magnam
903 2953 1076 3019 verborum
1098 2952 1316 3018 differentiam

179 3066 352 3150 desumpta
378 3087 444 3130 non
473 3071 582 3150 potest
605 3088 684 3132 csse.
729 3067 881 3131 Attamen
913 3088 953 3131 ex
975 3065 1162 3131 Sacerdotis
1190 3065 1316 3132 verbis:

179 3180 284 3258 „inter
307 3178 532 3262 cacenphaton
547 3200 625 3263 ergo
645 3184 678 3244 et
700 3177 958 3261 aeschrologiam
979 3177 1042 3243 hoc
1064 3182 1123 3256 est,
1150 3177 1238 3261 quod
1262 3200 1315 3244 ca-

180 3290 363 3374 cenphaton
384 3291 528 3357 honestis
551 3291 658 3357 vorbis
680 3296 810 3375 turpem
834 3290 979 3356 continet
1001 3311 1140 3371 sensum,
1164 3290 1315 3356 aeschro-

177 3402 264 3486 logia
289 3425 365 3468 vero
395 3403 544 3470 obscenis
573 3404 681 3470 verbis
709 3404 882 3470 honesturn
912 3403 1065 3488 exprimit
1095 3404 1315 3470 intellectum“

178 3515 367 3595 edocemur,
400 3537 421 3580 a
442 3517 609 3582 Diomedis
631 3523 782 3597 auctore,
814 3517 893 3600 quid
923 3517 1009 3582 iuter
1032 3516 1255 3601 cacenphaton
1283 3523 1316 3581 et

178 3627 435 3711 aeschrologiam
465 3629 609 3709 intersit,
640 3629 723 3695 hene
753 3629 996 3696 definitionibus
1023 3651 1212 3714 expressum
1235 3651 1315 3694 csse.

283 3740 430 3824 Denique
453 3746 568 3807 notatu
591 3741 722 3824 dignum
747 3747 806 3821 est,
828 3748 959 3825 praeter
980 3742 1168 3808 Diomedem
1191 3741 1312 3807 nullum

178 3854 277 3918 alium
300 3854 525 3938 artigraphum
556 3855 706 3936 aenigma
734 3860 793 3920 aut
816 3855 1010 3920 cacozeliam
1032 3855 1117 3919 inter
1138 3854 1218 3919 vitia
1240 3876 1314 3919 ora-

176 3966 276 4030 tionis
298 3965 430 4031 referrc.
476 3967 558 4046 Quin
582 3967 680 4032 etiam
696 3966 868 4031 Diomedes
887 3989 918 4051 p.
942 3966 1314 4049 462‚18deaenigmate

119 4126 122 4133 ,
177 4083 301 4161 tropo
324 4078 446 4142 eisdem
466 4078 573 4143 verbis
590 4061 791 4161 quibus'sub
814 4078 927 4144 eodem
950 4079 1045 4144 titulo
1068 4079 1185 4161 reliqui
1207 4100 1314 4162 gram·

177 4191 288 4256 matioi
311 4190 364 4275 (ci.
386 4191 411 4268 Ι,
438 4196 568 4273 276,16;
591 4191 644 4270 IV,
667 4195 776 4271 205,5;
799 4191 852 4270 VI,
874 4192 1003 4275 ceule)
1026 4193 1102 4275 agit,
1126 4213 1208 4270 cum,
1228 4213 1313 4277 quac
