3150 4642
619 208 837 278 -„35‘.r

162 382 297 470 elegisse
324 388 395 451 iure
424 386 533 452 dicere
564 407 628 450 non
650 391 775 468 posset,
806 407 878 450 cum
903 385 1073 450 duodecim
1097 382 1250 458 exhibeat
1263 381 1288 470 ¹)

160 501 203 563 At
232 499 379 564 Donatus
410 497 508 563 talem
550 496 671 562 fontem
709 497 888 581 inspexisse
924 517 1130 582 nequaquam
1161 497 1299 578 ridetur,

158 612 257 675 immo
289 616 420 677 secutus
451 630 522 675 esse
544 609 724 675 Geminiani
755 615 932 675 auctorem.
976 609 1059 675 Nam
1089 609 1194 694 primo
1217 609 1299 691 loco,

160 744 257 807 quem
281 724 379 788 etiam
399 723 454 788 hic
475 724 581 808 primo
604 723 675 788 loco
697 722 814 802 habet,
842 721 1067 788 soloecismum
1090 722 1223 788 exhibet
1245 712 1305 787 eo?

158 835 232 901 dem
256 835 404 920 exemplo
428 835 557 916 addit03
590 834 731 899 secundo
755 834 828 899 loco
854 855 936 914 eum,
959 836 1015 918 qui
1036 835 1123 900 inter
1145 856 1299 918 generum

158 930 369 1014 soloecismos
392 968 542 1033 -quac
571 946 714 1012 secunda
744 947 832 1030 apud
856 946 1078 1012 Geminianum
1102 948 1227 1032 specics
1249 953 1300 1013 est

159 1098 205 1109 —
225 1060 312 1144 apud
332 1060 424 1125 illum
445 1061 586 1145 primum
610 1058 734 1124 obtinet
757 1058 882 1141 locum3
912 1060 1010 1124 tertio
1032 1059 1104 1124 loco
1124 1081 1214 1140 eum,
1243 1061 1300 1144 qui

157 1172 247 1256 apud
275 1172 498 1238 Comicianum
536 1172 650 1236 ecdem
691 1172 838 1254 sequitur
876 1171 1004 1252 ordine,
1042 1172 1156 1237 eodem
1186 1172 1298 1238 addito

160 1284 320 1368 exemplo.
365 1285 444 1349 Inde
464 1284 506 1349 ab
527 1284 591 1349 hcc
612 1305 723 1348 rerum
745 1284 834 1363 loco,
863 1284 925 1348 nisi
948 1282 1032 1348 forte
1055 1285 1127 1367 quis
1148 1284 1299 1350 soloecis·

157 1419 247 1462 mum
268 1396 323 1481 qui
343 1396 382 1462 fit
402 1417 462 1482 per
483 1396 758 1480 comparationem
782 1395 903 1461 addere
924 1396 1000 1476 vult,
1024 1396 1103 1462 ordo
1126 1397 1299 1480 perturba-

155 1515 212 1574 tus
241 1514 306 1589 est,
349 1509 529 1574 Comiciani
560 1509 697 1592 vestigia
732 1514 945 1588 evanescunt3
982 1529 1066 1591 quae
1097 1529 1137 1573 ex
1165 1509 1298 1589 tabella,

158 1642 260 1704 quam
281 1621 347 1686 hue
370 1620 455 1685 addo
476 1620 621 1704 intellegi
643 1627 795 1705 possunt:

307 1775 357 1828 per
375 1758 530 1814 accidentia
546 1758 672 1827 partibus
692 1759 827 1813 orationis
846 1756 915 1812 fiunt
933 1758 1089 1812 soloecismi
1107 1758 1150 1812 hi:

222 1854 451 1909 Geminianus
829 1853 1004 1908 Donatus.

157 1944 184 2007 1)
210 1955 261 2009 per
294 1941 445 2009 qualitates
472 1956 520 1995 no·
549 1941 573 2008 1)
592 1955 643 2008 per
662 1939 756 2007 qualit.
776 1956 847 1996 nom.

158 2043 275 2182 περιρ.
293 2098 368 2169 Αθιι.
382 2114 428 2169 lv.
449 2115 508 2168 661.
581 2111 664 2180 Verg.
683 2114 751 2167 Aen.
771 2115 817 2165 lv,
837 2114 897 2165 661.

157 2202 189 2265 2)
206 2216 257 2268 per
275 2200 373 2268 qualit.
393 2201 501 2255 verbor.

193 2290 260 2341 Aen.
280 2287 341 2342 Xll.
361 2287 420 2340 216.

158 2375 186 2443 3)
212 2389 262 2440 per
285 2373 383 2441 qualit.
409 2372 520 2427 adverb.
938 2391 979 2457 10)
1000 2404 1049 2456 per
1068 2389 1205 2443 adverbia.

156 2459 234 2512 intus
252 2475 294 2526 eo,
312 2459 385 2513 intro
404 2475 472 2513 sum.
935 2476 1009 2528 intus
1024 2491 1065 2541 eo,
1085 2475 1158 2530 iores
1176 2484 1228 2540 sto,
1244 2475 1296 2528 lta·

936 2561 974 2614 lia
1000 2561 1095 2627 renio,
1123 2562 1158 2613 ad
1183 2562 1297 2614 Romam

936 2662 1028 2715 pergo.

158 2720 185 2786 4)
204 2733 255 2785 per
272 2718 370 2786 qualit.
392 2734 520 2787 praepos.
937 2734 979 2799 ll)
997 2748 1045 2799 per
1063 2735 1213 2802 praeposit.

286 2827 303 2857 ι
936 2818 987 2872 sub
1007 2818 1103 2872 lucem.

194 2893 262 2945 Aen.
283 2889 304 2944 1.
323 2892 366 2945 64.
971 2905 1039 2958 Aen.
1058 2906 1106 2959 xl.
1126 2907 1186 2958 686.

159 3064 185 3131 5)
205 3079 255 3132 per
273 3077 375 3133 penora
393 3064 493 3118 nomin.
547 3061 573 3128 2)
592 3075 642 3129 per
661 3032 762 3127 genere
780 3077 851 3114 nom.

583 3146 665 3213 Verg.
684 3146 746 3199 buc.
766 3145 812 3199 Vi.
830 3147 874 3200 62.

195 3237 263 3289 Aen.
285 3236 319 3289 11.
339 3239 398 3291 554.
584 3231 671 3286 Plaut.
682 3238 753 3299 cept.
768 3231 803 3285 11.
814 3234 839 3285 2.
852 3234 907 3287 107.

158 3322 186 3390 6)
212 3338 262 3391 per
285 3337 388 3393 ponere
413 3326 518 3379 verbor.
630 3330 634 3337 '

159 3409 274 3464 levatur.

159 3583 186 3651 7)
204 3597 253 3651 per
270 3597 406 3638 numeros.
547 3597 573 3656 3)
594 3610 644 3662 per
662 3610 799 3649 numeros.

194 3670 262 3723 Aen.
284 3669 303 3724 1.
322 3671 381 3724 212.
583 3682 651 3735 Aen.
672 3681 693 3734 Ι.
713 3683 772 3736 212.

267 3880 291 3945 l)
310 3877 366 3933 Iam
384 3884 523 3951 prioribus
536 3888 707 3956 temporibus
725 3904 741 3942 e
758 3904 857 3957 magno
870 3888 1089 3944 soloecismorum
1109 3906 1221 3945 numero
1240 3906 1296 3944 cer·

161 3971 216 4017 turn
244 3967 376 4032 quendam
403 3970 517 4025 electum
546 3989 622 4039 esse,
651 3974 827 4028 eDiomedis
851 3976 942 4029 verbis
970 3976 1158 4043 cognoscitur:
1183 3977 1298 4043 (453‚35)

161 4050 336 4107 soloecismus
353 4054 387 4121 fit
405 4056 496 4111 modic
511 4059 687 4128 generalibus
705 4061 940 4129 quattuordecim,
965 4066 1016 4116 eet
1034 4066 1066 4116 ut
1083 4062 1199 4130 quidem
1216 4064 1298 4132 qein-

161 4135 253 4191 dccim.
290 4140 424 4195 Lucilium
451 4155 542 4199 autern
564 4156 671 4199 centum
691 4146 916 4201 soloecismorum
935 4149 1046 4202 nomine
1063 4152 1264 4203 enumeravissc
1282 4167 1297 4204 e

161 4224 276 4295 Pompei
294 4228 384 4283 verbis
402 4230 571 4299 intellegitur
589 4232 632 4299 (K.
653 4233 686 4299 V,
704 4232 870 4304 rear-12).

388 4323 391 4333 ’
1071 4323 1088 4374 5
