3150 4642
672 231 885 292 ..59-

373 396 582 464 Diomedes.

989 400 1169 467 Donatus.

656 505 659 512 ’
682 506 685 510 ’
802 513 858 599 pla
879 535 914 579 se
936 511 1024 579 ultro
1047 511 1200 595 offerent,
1222 515 1249 580 si
1272 516 1344 599 quis

802 625 957 710 inquirat.

731 731 735 736 ’
844 738 982 804 totidem
1014 738 1119 805 modis
1157 739 1255 806 etiam
1286 762 1346 825 per

803 851 1058 937 adspirationem
1091 850 1346 937 deprehenditur
1470 895 1472 897 -

802 964 1046 1045 barbarismus,
1080 986 1177 1049 quem
1211 965 1345 1051 quidam

803 1079 933 1164 scripto,
943 1077 1076 1162 quidam
1089 1078 1346 1162 pronuntiationi

802 1190 949 1257 iudicant
963 1190 1224 1273 adscribendum,
1246 1213 1346 1278 prop·

748 1289 751 1293 ¹
802 1302 897 1371 terh
919 1302 1059 1384 scilicet,
1093 1324 1192 1388 quam
1214 1303 1271 1371 alii
1292 1304 1345 1372 lit·

252 1765 328 1824 sunt
358 1764 532 1843 praeterea
560 1758 751 1843 pronuntia·

208 1871 306 1937 tionis
336 1870 497 1954 quaedam
534 1870 628 1950 vitia,
666 1891 750 1954 quae

209 1982 355 2049 nonnulli
378 1982 600 2049 barbarismos
620 1987 749 2066 putant,

207 2210 397 2274 iotacismus
483 2207 704 2273 labdaoismus

207 2322 437 2407 myotacismus
488 2320 598 2387 hiatus

208 2433 401 2500 eonlisiones
487 2439 521 2498 et
535 2433 652 2511 omnia,
664 2452 748 2516 quae

207 2545 281 2630 plus
304 2567 409 2630 aequo
431 2546 576 2611 minusve
599 2546 749 2611 sonantia

110 2714 113 2717 .
207 2659 249 2724 ab
257 2658 748 2742 eruditisauribusrespuuntur.

488 2856 491 2861 γ
564 2771 647 2837 haec
668 2770 749 2837 vitia

208 2883 389 2967 praelocuti
417 2885 671 2950 controversiam
708 2883 749 2948 de

206 2996 335 3062 nomine
358 2995 580 3080 pertinacibus
594 2995 748 3079 relinqui-

205 3129 286 3175 mus.

802 1421 907 1483 teram
938 1415 994 1483 alii
1025 1415 1257 1502 adspirationis
1287 1440 1344 1484 no·

801 1535 871 1596 tam
893 1532 1019 1614 putant
1041 1528 1125 1595 fiunt
1146 1529 1245 1596 etiam
1267 1528 1343 1597 bar·

802 1641 938 1709 barismi
958 1662 1017 1726 per
1038 1640 1157 1708 hiatus.

846 1760 922 1821 sunt
944 1753 1044 1820 etiam
1065 1755 1172 1821 malae
1186 1757 1344 1840 composi-

802 1868 908 1933 tiones
922 1867 943 1931 i.
960 1888 987 1933 e.
1001 1867 1240 1954 cacosyntheton,
1261 1890 1343 1952 quas

803 1978 948 2045 nonnulli
969 1978 1192 2046 barbarismos
1217 1986 1343 2066 putant,

801 2093 836 2157 in
858 2092 976 2176 quibus
998 2097 1075 2159 sunt

802 2206 1005 2292 myotacismi
1065 2205 1260 2272 labdacismi

802 2319 964 2384 iotacismi
1067 2319 1177 2385 hiatus

803 2413 995 2497 eonlisiones
1064 2438 1097 2498 et
1119 2434 1236 2513 omnia,
1258 2452 1344 2516 qnae

800 2545 875 2630 plus
901 2565 1006 2628 aequo
1026 2545 1171 2611 minusve
1192 2545 1343 2611 sonantia

801 2658 844 2723 ab
867 2657 1003 2724 eruditis
1026 2658 1160 2723 auribus
1185 2679 1343 2743 respuun·

801 2777 864 2837 tur.
895 2793 954 2837 nos
986 2770 1131 2836 cavenda
1160 2770 1243 2836 haec
1264 2771 1344 2837 vitia

802 2883 983 2967 praelocuti
1018 2884 1272 2950 controversiam
1303 2883 1344 2949 de

801 2997 930 3061 nomine
943 2995 1167 3079 pertinacibus
1189 2996 1330 3079 relinqui

801 3129 881 3173 mus.

575 3441 646 3521 De
673 3442 970 3522 soloecismo

373 3631 585 3699 Diomedes.

206 3748 330 3825 453‚21.

207 4038 211 4045 ,
249 3968 464 4035 soloecismus
487 3975 537 4037 est
557 3975 673 4037 contra
695 3993 748 4037 ra·

204 4081 326 4147 donem
348 4082 486 4147 Romani
516 4084 673 4149 sermonis
698 4083 747 4154 di·

205 4191 358 4267 sturbans
379 4195 569 4267 orationem.

969 3634 1174 3702 Charisius.

801 3747 935 3832 (Comin.
965 3749 1095 3832 266,15)
1132 3745 1341 3817 soloecismus

801 3865 851 3926 est
873 3860 978 3925 oratio
1000 3860 1244 3955 inconsequens.
