3150 4642
661 247 876 307 ..33-

200 417 307 483 culam
329 417 562 502 interpolatum
587 437 657 481 esse
674 417 888 500 suspicamur,
909 421 1019 480 tamen
1040 415 1115 500 (hoo
1133 417 1244 500 paullo
1267 423 1343 501 post

199 529 374 596 verisimile
396 531 467 615 fiet)
489 551 530 595 ex
552 528 665 595 eodem
700 529 791 593 fonte
815 529 949 593 fluxisse
970 528 1116 608 videtur,
1145 528 1203 595 ubi
1230 530 1342 614 priora

201 644 265 709 duo
288 643 437 727 exempla
467 646 633 722 extarent3
661 640 725 705 hac
751 640 835 705 enim
866 642 993 707 ratione
1023 663 1118 706 usum
1148 663 1219 708 esse
1240 642 1341 706 inter·

199 754 381 840 polatcrem
410 755 444 819 in
473 754 581 839 capite
610 752 650 819 de
675 751 897 819 schematibus
920 753 1074 833 vidimus,
1109 759 1146 819 ut
1168 776 1225 835 ea,
1257 775 1340 838 quae

200 870 290 934 fonte
313 866 487 933 Diomedes
516 867 623 932 minus
652 864 806 945 haberet,
837 888 877 930 ex
906 865 1020 931 eodem
1046 866 1136 931 fonte
1166 866 1340 951 suppleret.

202 984 310 1065 Atque
337 982 371 1046 in
393 980 550 1065 primario
570 979 660 1045 fonte
682 979 908 1045 tantummodo
931 980 1059 1064 singula
1079 979 1181 1045 verba
1203 980 1342 1064 exempli

202 1116 303 1160 causa
325 1092 435 1178 posita
457 1074 572 1171 fuisse,
595 1113 707 1157 versus
730 1097 839 1157 autem
862 1097 978 1176 postea
1000 1092 1146 1173 additos,
1175 1093 1272 1158 huius
1293 1093 1341 1158 rei

201 1207 265 1292 duo
295 1206 401 1271 habeo
430 1210 642 1289 argumenta:
674 1205 815 1288 primum
847 1205 932 1269 enim
962 1205 996 1269 in
1026 1227 1123 1270 versu
1152 1226 1170 1270 e
1199 1205 1342 1270 Terentii

201 1319 325 1384 Andria
356 1318 476 1402 petito:
511 1338 666 1397 nunquam
696 1322 757 1381 bac
785 1323 950 1382 tetulissem
973 1325 1086 1397 pedem
1113 1339 1178 1383 non
1208 1317 1341 1397 „tetuli“

202 1430 260 1496 sed
283 1430 503 1511 „tetulissem‘
526 1435 634 1509 extat,
664 1451 736 1495 cum
766 1435 861 1509 452,e
885 1440 915 1493 et
936 1435 1022 1495 tetuli
1039 1452 1103 1509 pro
1126 1436 1181 1495 tali
1203 1431 1341 1514 legatur,

201 1545 249 1608 ita
280 1548 317 1608 ut
344 1547 519 1625 utrumque
549 1542 657 1608 locum
684 1541 726 1607 ab
758 1540 871 1607 eodem
901 1542 1041 1627 exempli
1071 1564 1171 1608 causa
1199 1544 1341 1626 positum

202 1676 358 1720 essenon
382 1654 556 1720 verisimile
587 1656 637 1720 sit.
682 1653 808 1719 Deinde
836 1655 864 1720 si
895 1655 960 1720 tria
983 1654 1132 1740 exempla
1154 1653 1340 1738 diligentius

200 1768 390 1852 inspicimus
412 1765 558 1833 videmus
580 1789 681 1832 unum
703 1788 775 1833 esse
800 1767 993 1833 adiectionis
1015 1767 1059 1833 ad
1079 1769 1233 1852 primam,
1261 1767 1341 1833 alte·

201 1902 273 1946 rum
296 1879 339 1944 ad
360 1879 522 1959 mediamr
545 1881 680 1945 tertium
712 1878 755 1943 ad
781 1879 932 1944 ultimam
954 1885 1082 1964 partem
1104 1880 1209 1962 vocis3
1239 1900 1340 1964 quare

202 2015 242 2058 ex
262 1992 318 2057 illo
341 1990 430 2058 fonte
451 1992 534 2057 haec
551 1992 724 2076 desumpta
738 1992 898 2072 videntur,
919 1992 1006 2057 unde
1026 2013 1138 2058 versus
1164 1998 1279 2072 45233
1292 2016 1339 2076 sq.

201 2104 383 2186 fluxerunt3
410 2105 444 2169 in
464 2104 527 2169 hoo
550 2109 659 2171 autem
682 2105 961 2188 singulatantum
984 2105 1084 2171 verba
1107 2106 1274 2190 adscripta
1295 2107 1341 2169 vi·

203 2216 332 2297 demus,
361 2238 473 2282 versus
504 2239 568 2282 nou
599 2217 737 2283 additos.
790 2219 898 2297 Quare
928 2218 1029 2283 verba
1059 2241 1089 2302 p.
1121 2224 1216 2298 teas
1246 2219 1294 2283 ita
1324 2240 1341 2283 e

203 2330 338 2410 Scauro,
360 2330 450 2395 fonte
465 2330 631 2413 primario,
647 2351 797 2395 manasse
811 2336 959 2414 apparet,
982 2336 1019 2395 ut
1031 2332 1139 2396 nescio
1156 2332 1229 2414 quis
1242 2333 1342 2396 inter-

204 2442 301 2506 cedat
323 2447 448 2522 auctor,
472 2442 528 2525 qui
550 2443 665 2507 Scauri
689 2442 872 2507 doctrinam
895 2464 967 2507 cum
983 2443 1056 2507 aliis
1078 2449 1148 2508 tum
1170 2443 1233 2508 hac
1253 2445 1286 2507 in
1307 2465 1342 2508 re

203 2556 393 2635 mutaverit,
421 2556 509 2639 quod
532 2555 659 2639 singula
681 2555 782 2621 verba
804 2576 978 2639 perperam
999 2555 1147 2622 versibus
1168 2557 1246 2621 totis
1267 2577 1343 2640 pro-

202 2668 306 2732 baret.
359 2670 429 2749 Quo
465 2691 505 2734 ex
536 2674 670 2733 auctore
708 2674 779 2734 tota
809 2669 937 2752 reliqua
966 2669 1132 2736 Diomedis
1162 2669 1341 2754 disputatio

203 2782 347 2864 exceptis
370 2782 425 2860 eis,
450 2803 533 2863 quae
555 2783 589 2845 in
605 2781 669 2846 fine
689 2781 852 2865 leguntur,
875 2782 1017 2866 pendere
1040 2762 1178 2848 videtur.
1223 2783 1342 2847 Omnes

204 2895 289 2958 enim
312 2893 399 2957 tituli
413 2899 550 2978 excepto
571 2894 668 2958 titulo
686 2893 726 2958 de
747 2893 929 2979 adiectione
943 2896 1100 2978 temporis
1122 2897 1236 2977 iisque,
1261 2916 1342 2977 quos

204 3028 243 3071 ex
265 3007 336 3090 ipso
360 3007 475 3071 Scauri
497 3005 581 3071 libro
605 3006 793 3090 desumptos
817 3007 970 3086 diximus,
994 3008 1037 3072 ad
1058 3007 1146 3072 tituli
1169 3007 1209 3072 de
1235 3007 1341 3071 adiec-

204 3120 293 3183 tione
313 3118 458 3203 syllabae
481 3119 664 3203 exemplum
688 3118 881 3184 conformati
904 3125 989 3184 sunt.

306 3232 422 3314 Itaque
435 3231 608 3296 Diomedes
629 3233 661 3294 in
686 3233 793 3316 capite
817 3232 857 3297 de
876 3232 1084 3297 barbarismo
1108 3232 1341 3298 conscribendo

204 3348 237 3408 et
254 3344 412 3408 Scaurum
436 3350 470 3408 et
492 3350 659 3409 auctorem
682 3365 722 3408 ex
744 3344 801 3409 illo
819 3345 1013 3428 pendentem
1032 3344 1190 3410 adhibuit.
1229 3346 1341 3427 Neque

203 3457 320 3521 mirum
343 3456 405 3521 hoc
427 3456 521 3521 nobis
546 3456 589 3521 ad
604 3457 743 3521 Charisii
764 3457 985 3522 institutiones
1006 3458 1230 3541 spectantibus
1253 3457 1341 3522 vide-

203 3575 273 3649 tur;
303 3591 379 3632 nam
407 3569 435 3633 is
459 3590 587 3651 quoque
611 3570 800 3652 saepissime
822 3569 973 3634 adhibuit
1002 3575 1169 3650 auctores,
1204 3592 1342 3654 quorum

205 3683 289 3746 alter
312 3703 353 3745 ex
375 3682 479 3746 altero
502 3681 668 3764 penderet.
713 3682 807 3761 Quod
824 3688 861 3747 ut
882 3682 1051 3764 intellegas
1072 3722 1117 3731 —
1138 3688 1214 3748 sunt
1234 3688 1343 3747 autem

202 3795 344 3878 plurima
376 3793 525 3877 exempla
547 3832 590 3842 -
613 3815 734 3876 quaeso
765 3795 914 3861 conferas
934 3795 1031 3860 haec:
1061 3796 1095 3858 in
1128 3796 1235 3879 capite
1258 3795 1340 3859 Cha·

203 3906 273 3970 risii
311 3905 351 3970 de
391 3906 547 3970 adverbio
578 3906 757 3971 Geminiani
795 3907 895 3973 verba
933 3910 1238 3991 (180,27—181‚16)
1268 3929 1341 3971 cum

204 4019 354 4102 anonymi
384 4021 603 4103 (lsl‚17sq.);
642 4041 682 4083 ex
710 4020 818 4103 capite
848 4020 986 4084 Charisii
1017 4020 1057 4083 de
1089 4020 1233 4085 ablativo
1263 4041 1341 4083 casn

204 4130 384 4194 Cominiani
407 4132 660 4215 disputationem
683 4154 754 4197 oum
779 4133 928 4216 anonymi
952 4134 1142 4216 (148,3sq.).
