3150 4642
652 159 866 218 ...57-

358 332 570 399 Diomedes.

250 450 283 513 in
321 447 428 532 prima
469 452 564 532 parte
598 445 636 511 fit
675 461 735 526 per

193 560 386 646 aphaeresin
415 560 475 626 io.
499 559 735 627 detractionem

192 679 230 740 ut
251 674 363 757 linque
383 695 443 759 pro
465 673 631 759 relinque,

235 787 269 852 in
290 785 399 852 media
412 808 472 871 per
489 806 652 873 syncopen
674 781 695 850 i.
708 800 734 843 e.

193 900 426 981 concisionem,
456 907 494 967 ut
523 905 640 967 nantes
673 911 735 979 pro

192 1018 363 1095 natantes;

232 1128 267 1191 in
286 1126 461 1192 novissima
483 1148 543 1211 per
566 1139 736 1211 apocopen

193 1240 213 1304 i.
228 1261 254 1305 e.
277 1238 493 1306 abscisionem
511 1245 550 1306 ut
563 1238 660 1319 volup
674 1250 735 1317 pro

194 1353 371 1436 voluptate,
394 1357 428 1418 et
442 1358 479 1419 ut
500 1353 528 1418 si
550 1345 736 1417 accusativo

194 1466 261 1530 sine
288 1487 320 1530 m
348 1465 460 1530 littera
486 1465 584 1531 domu
606 1457 736 1526 dixeris.

237 1600 296 1662 per
325 1578 516 1662 parallagcn
542 1579 563 1643 i.
580 1598 606 1642 e.
630 1574 736 1638 muta·

194 1692 282 1756 tione
327 1690 459 1755 litterae
510 1693 538 1756 si
590 1689 736 1753 litteram

194 1803 292 1868 aliam
312 1825 371 1887 pro
398 1803 464 1867 alia
485 1800 736 1888 pronuntiamus

193 1921 231 1981 ut
253 1922 398 1981 oroentre
420 1937 480 2000 pro
502 1915 664 1981 advenire.

188 2225 195 2236 ⁴
237 2142 518 2221 transmutatione,
542 2161 616 2206 cum
630 2138 665 2200 in
683 2153 737 2197 ea·

194 2253 267 2317 dem
290 2239 431 2318 dictione
461 2248 669 2318 commutatis
688 2247 737 2308 in-

194 2370 245 2429 ter
264 2387 298 2430 se
314 2364 433 2430 litteris
449 2372 581 2430 utamur
604 2367 641 2427 ut
660 2357 735 2423 leri-

195 2479 289 2560 quiae
319 2480 426 2562 siper
455 2478 467 2542 l
493 2479 546 2543 litt
517 2484 635 2543 ueram
659 2469 736 2557 <pri-

194 2612 280 2654 mam
295 2591 465 2677 syllabam)
480 2588 737 2674 pronuntiemus,

195 2725 268 2767 cum
291 2703 411 2768 debeat
433 2725 492 2787 per
514 2725 531 2768 r
552 2702 659 2788 prima
674 2694 737 2780 syl·

195 2815 273 2880 laba
295 2815 376 2880 dici:
399 2796 550 2895 reliquiae

217 2929 314 2992 item
328 2933 507 3007 teriytonen
518 2927 668 2992 s1m1l1ter
676 2940 737 3005 pro

195 3046 346 3119 retiatone
367 3039 502 3104 mutatis
523 3040 535 3103 l
557 3044 591 3103 et
613 3058 630 3100 r
650 3035 737 3098 litte-

195 3153 256 3232 ris,
277 3151 390 3216 eodem
407 3150 504 3216 modo
516 3156 667 3230 tonnister
678 3167 738 3230 pro

196 3269 348 3343 tantisper

237 3396 297 3460 per
322 3373 496 3459 ecthlipsin
518 3395 656 3458 quoque.
677 3374 697 3437 i.
710 3394 737 3437 e.

196 3509 256 3572 per
286 3489 382 3553 unius
409 3486 540 3552 litterae
572 3487 738 3553 elisionem

195 3605 234 3664 ut
251 3600 411 3684 *repsitum
435 3620 495 3683 pro
518 3599 705 3682 repositum.

965 324 1138 389 Donatus

832 1580 892 1641 per
912 1557 1170 1622 immutationem
1191 1555 1330 1633 litterae,

790 1673 875 1736 siout
896 1670 952 1735 olli
974 1691 1034 1753 pro
1047 1669 1110 1749 illi3
1133 1667 1277 1753 syllabae
1294 1672 1332 1731 ut

790 1784 961 1868 permicies
974 1803 1034 1866 pro
1047 1780 1223 1865 pernicies3
1250 1785 1330 1843 tem-

790 1897 879 1980 poris
927 1900 965 1960 ut
1003 1901 1132 1973 feruere
1175 1896 1330 1956 leucaten

789 2029 850 2091 pro
872 2057 957 2072 .....

833 2142 892 2204 per
916 2120 1222 2184 transmutationem
1244 2117 1330 2182 litte·

790 2255 863 2311 rae,
892 2233 977 2297 sicut
1011 2236 1159 2295 Euandre
1180 2251 1241 2314 pro
1267 2235 1328 2293 Eu-

791 2352 911 2421 ander;

790 2457 934 2541 syllabae
949 2462 986 2521 ut
1005 2456 1176 2540 displioina
1191 2476 1251 2539 pro
1266 2454 1331 2519 dis-

790 2569 924 2653 ciplina,
966 2569 1190 2652 temporisut
1229 2568 1331 2650 siquis

792 2690 864 2748 deor
886 2682 1047 2767 producta
1074 2682 1183 2766 priore
1206 2680 1332 2766 syllaba

791 2800 825 2859 et
855 2801 1010 2879 corrupta
1045 2795 1226 2878 posteriore
1256 2813 1331 2877 pro·

790 2909 927 2972 nuntiat.

834 3718 904 3782 toni
933 3738 1062 3801 quoqne
1097 3717 1246 3782 similiter
1274 3740 1334 3801 per

791 3831 851 3894 has
874 3834 1029 3912 quattuor
1052 3830 1176 3914 species
1191 3850 1333 3895 commu·

675 3942 679 3947 ’
791 3948 912 4020 tantur,
925 3962 1001 4005 nam
1017 3947 1050 4005 et
1064 3942 1126 4024 ipsi
1138 3941 1333 4020 adiciuntur,

827 4053 1053 4132 detrahuntur,
1076 4051 1290 4118 immutantur

791 4170 1059 4243 transmutantur,
1071 4185 1207 4247 quorum
1226 4186 1332 4229 exem«
