3150 4642
724 260 938 319 ...64-

261 450 326 493 non
356 434 407 495 est
436 427 644 511 cogitandum
683 426 739 491 sed
769 449 867 491 unum
897 426 1031 492 verbum
1064 448 1081 490 c
1112 427 1285 492 verborum
1317 429 1400 493 serie

262 540 452 608 eiciendum.

366 655 437 733 Qua
449 651 515 717 leni
530 651 717 716 coniectura
733 653 842 716 omnia
855 653 955 735 plana
972 651 1055 716 fiunt
1078 658 1111 716 et
1131 673 1245 735 aequa.
1286 653 1402 717 Priora

262 767 348 831 euim
371 765 435 830 duo
459 764 608 849 exempla
630 763 812 829 soloecismi
835 770 928 844 sunt,
952 765 1007 847 qui
1029 765 1067 829 lit
1089 786 1162 829 cum
1186 785 1301 829 nomen
1324 776 1400 849 pro=

261 878 367 963 prium
398 878 599 962 pronominis
628 874 701 941 loco
728 876 877 960 ponitur;
909 877 1043 941 tertium
1067 877 1248 942 soloecismi
1278 879 1333 960 qui
1363 877 1403 941 fit

262 1012 335 1056 cum
357 1011 474 1056 nomen
495 1010 556 1075 pro
578 988 693 1067 verbo,
717 994 883 1072 quartum,
908 1009 980 1054 cum
1003 1009 1119 1054 nomen
1141 1010 1202 1073 pro
1224 990 1401 1073 participio

268 1103 410 1188 ponitur.

364 1216 455 1294 Quae
481 1236 553 1280 curu
572 1215 620 1279 ita
643 1214 716 1294 sint,
739 1213 804 1279 duo
824 1219 952 1279 tantum
972 1213 1059 1298 apud
1080 1213 1262 1279 Charisium
1286 1219 1402 1278 extant

262 1328 387 1409 fontes3
410 1348 547 1411 quorum
569 1328 668 1412 prior,
691 1326 908 1406 dominianus,
930 1327 1017 1392 inter
1036 1347 1092 1392 eos
1106 1326 1326 1392 numerandus
1350 1333 1403 1391 est
1440 1408 1442 1412 Ι

263 1447 423 1520 auctores,
447 1440 504 1524 qui
526 1445 563 1504 ut
584 1440 631 1504 ait
651 1439 869 1518 Quintilianus
892 1439 930 1524 (l,
952 1440 1038 1523 mdo)
1057 1439 1249 1504 adiectionis
1272 1440 1401 1504 detrac-

261 1554 359 1618 tionis
388 1552 671 1618 transmutationis
702 1572 823 1635 genera
853 1551 1086 1617 asoloecismo
1115 1551 1294 1633 deducunt,
1324 1574 1401 1635 pos-

260 1666 378 1746 terior,
409 1687 602 1751 anonymus,
632 1685 704 1729 eum
728 1664 927 1742 Quintiliano
948 1663 999 1728 vel
1021 1665 1090 1729 eius
1112 1664 1217 1745 fonte,
1247 1655 1333 1748 quod
1356 1665 1402 1746 ad

261 1779 507 1863 dispositionem
528 1780 656 1857 attinet,
679 1776 922 1842 similitudinem
946 1776 1110 1860 quandam
1133 1778 1284 1843 ostendit.

363 1892 453 1957 luter
479 1891 702 1956 Geminiacum
734 1896 843 1954 autem
874 1895 907 1955 et
937 1910 1131 1975 anonymum
1161 1890 1285 1956 nullum
1308 1897 1403 1956 extat

259 2005 431 2069 uinculum.
483 2004 591 2069 Unum
620 2003 704 2068 enim
732 2008 862 2068 tantum
893 2003 1075 2087 exemplum
1106 2003 1194 2088 apud
1223 2010 1399 2087 utrumque

261 2117 417 2181 occurrit:
453 2121 609 2196 sequimur
640 2127 669 2180 te
696 2126 803 2180 sonore
834 2122 958 2181 deorum
989 2118 1033 2200 (p.
1066 2118 1328 2201 267,4=2oe,e)
1355 2114 1398 2180 ab

261 2235 399 2312 utroque
420 2230 562 2313 positum
591 2230 624 2292 in
646 2227 853 2308 soloecismo,
885 2229 940 2312 qui
965 2229 1018 2308 lit,
1052 2250 1125 2292 cum
1147 2228 1316 2294 absolutus
1339 2250 1398 2313 pro

260 2341 459 2426 superlativo
489 2341 673 2406 adhibetur.
725 2342 769 2406 At
800 2340 1008 2405 Geminianus
1039 2340 1079 2405 dc
1105 2341 1310 2420 soloecismo,
1344 2342 1399 2423 qui

262 2454 300 2518 fit
317 2454 351 2518 in
374 2454 627 2538 comparatione,
651 2453 786 2538 speciali
802 2454 862 2519 sub
886 2453 982 2519 titulo
996 2453 1073 2537 agit,
1097 2454 1185 2537 apud
1205 2475 1398 2538 anonymum
1443 2484 1445 2489 ·

261 2566 514 2650 comparationis
545 2565 740 2632 vocabulum
772 2567 901 2632 omnino
923 2587 987 2631 non
1010 2566 1191 2646 invenitur,
1223 2566 1281 2632 sed
1303 2566 1399 2631 huius

262 2679 391 2762 generis
413 2678 638 2745 soloecismum
654 2680 741 2745 inter
761 2701 817 2745 eos
837 2679 956 2764 posuit,
979 2679 1035 2762 qui
1049 2677 1132 2743 fiunt
1150 2700 1211 2763 per
1222 2678 1399 2763 qualitates

261 2792 434 2856 nominum.
479 2794 587 2871 Quare
610 2793 817 2857 Cominianus
843 2797 875 2856 et
899 2812 1077 2876 anonymus
1100 2813 1139 2856 ex
1161 2791 1298 2857 diversis
1320 2814 1399 2876 pen·

261 2903 339 2968 dent
361 2902 514 2970 lontibus.
559 2906 762 2990 Anonymum
779 2911 888 2970 autem
907 2905 1023 2989 capitis
1046 2903 1086 2968 de
1108 2904 1299 2970 soloecismo
1320 2927 1397 2970 eun·

261 3015 429 3082 demesso
455 3023 553 3100 atque
585 3018 702 3103 cepitis
729 3017 769 3083 de
792 3017 999 3083 barbarismo
1024 3037 1155 3098 censeo,
1187 3039 1259 3084 oum
1280 3040 1399 3103 perse

260 3129 433 3194 verisimile
464 3131 507 3196 sit
534 3152 639 3213 neque
671 3130 849 3214 quidquam
880 3130 996 3195 obstet.
1042 3132 1276 3214 Argumentum
1300 3131 1399 3196 etiam

261 3234 385 3307 certu'm
407 3248 522 3326 posteo
545 3243 705 3308 allaturus
729 3264 809 3308 sum.

363 3356 432 3419 Iam
455 3376 560 3440 pauca
582 3355 676 3421 uobis
698 3355 739 3420 de
761 3355 883 3420 Donati
906 3355 1026 3439 capite,
1050 3355 1137 3439 quod
1159 3361 1210 3420 est
1232 3355 1272 3420 de
1295 3356 1398 3421 soloe·

259 3467 359 3532 cismo
382 3469 491 3552 (293,5
504 3470 581 3552 sq.),
613 3467 855 3552 praemittenda
878 3472 961 3532 sunt.
1007 3467 1105 3532 Cuius
1127 3468 1222 3532 velim
1244 3468 1398 3552 inspicias
1492 3452 1495 3461 ¹

259 3579 341 3644 hacc
364 3580 480 3645 verba:
504 3582 648 3665 (293,24)
663 3601 726 3659 per
749 3585 923 3644 occidentia
940 3584 1086 3659 portibus
1106 3586 1255 3645 orationis
1278 3591 1320 3645 tot
1338 3601 1397 3644 mo

260 3697 308 3757 dis
326 3700 406 3770 sium
421 3699 599 3769 soloecismi,
621 3702 693 3772 quot
714 3702 786 3756 suot
804 3697 979 3756 occidentis
996 3697 1142 3773 portibus
1161 3699 1319 3757 orationis.
1342 3699 1400 3757 sed

259 3826 299 3869 em
321 3810 369 3869 lm's
393 3815 527 3885 propter
556 3810 766 3885 commenditum
800 3810 932 3883 exempli
961 3827 1058 3870 causo
1080 3827 1296 3885 perpauco
1317 3826 1396 3869 moo-

258 3921 432 3982 smobimus.
478 3919 586 4001 Atque
617 3918 644 3983 si
668 3917 852 3982 accidentia
878 3917 1029 4002 partibus
1052 3918 1209 3983 orationis
1231 3922 1396 4001 eomputa-

259 4048 348 4107 mus,
379 4027 565 4094 efficiuntur
588 4030 724 4112 triginta
745 4050 854 4093 unum.
901 4030 1023 4106 Quodsi
1045 4030 1193 4094 Donatus
1215 4029 1337 4095 fontem
1365 4031 1396 4093 in

259 4138 409 4202 manibus
431 4139 618 4219 habuisset,
650 4141 705 4223 qui
729 4140 866 4222 triginta
897 4140 1104 4205 soloecismos
1127 4147 1160 4205 et
1181 4164 1281 4207 uuum
1302 4142 1397 4207 huius

259 4249 387 4328 generis
425 4244 602 4332 proferret,
639 4257 749 4316 tamen
781 4273 821 4316 ex
851 4252 914 4315 hoe
943 4273 1077 4318 numero
1107 4275 1326 4337 perpauca
1363 4275 1397 4318 se
