<?xml version="1.0" encoding="UTF-8"?>
<!DOCTYPE html PUBLIC "-//W3C//DTD XHTML 1.0 Transitional//EN"
    "http://www.w3.org/TR/xhtml1/DTD/xhtml1-transitional.dtd">
<html xmlns="http://www.w3.org/1999/xhtml" xml:lang="en" lang="en">
 <head>
  <title>
</title>
<meta http-equiv="Content-Type" content="text/html;charset=utf-8" />
  <meta name='ocr-system' content='tesseract 3.04.00' />
  <meta name='ocr-capabilities' content='ocr_page ocr_carea ocr_par ocr_line ocrx_word'/>
</head>
<body>
  <div class='ocr_page' id='page_1' title='image "./quaestionesgram00meyegoog_0049.png"; bbox 0 0 3150 4642; ppageno 0'>
   <div class='ocr_carea' id='block_1_1' title="bbox 635 220 853 283">
    <p class='ocr_par' dir='ltr' id='par_1_1' title="bbox 635 220 853 283">
     <span class='ocr_line' id='line_1_1' title="bbox 635 220 853 283; baseline -0.014 -15"><span class='ocrx_word' id='word_1_1' title='bbox 635 220 853 283; x_wconf 77' lang='lat'><strong>..43-</strong></span> 
     </span>
    </p>
   </div>
   <div class='ocr_carea' id='block_1_2' title="bbox 175 388 1315 4313">
    <p class='ocr_par' dir='ltr' id='par_1_2' title="bbox 271 388 1227 480">
     <span class='ocr_line' id='line_1_2' title="bbox 271 388 1227 480; baseline -0.005 -20"><span class='ocrx_word' id='word_1_2' title='bbox 271 394 474 461; x_wconf 90' lang='lat' dir='ltr'>Diomedes</span> <span class='ocrx_word' id='word_1_3' title='bbox 497 395 628 480; x_wconf 63' lang='lat'>(44945).</span> <span class='ocrx_word' id='word_1_4' title='bbox 849 388 1050 455; x_wconf 84' lang='lat' dir='ltr'><strong>Charisius</strong></span> <span class='ocrx_word' id='word_1_5' title='bbox 1074 390 1227 474; x_wconf 58' lang='grc'>(27032).</span> 
     </span>
    </p>

    <p class='ocr_par' dir='ltr' id='par_1_3' title="bbox 175 505 1155 802">
     <span class='ocr_line' id='line_1_3' title="bbox 219 505 1155 591; baseline -0.014 -15"><span class='ocrx_word' id='word_1_6' title='bbox 219 510 308 576; x_wconf 86' lang='lat' dir='ltr'>Vitia</span> <span class='ocrx_word' id='word_1_7' title='bbox 350 508 507 574; x_wconf 85' lang='lat' dir='ltr'>orationis</span> <span class='ocrx_word' id='word_1_8' title='bbox 553 505 719 591; x_wconf 86' lang='lat' dir='ltr'>generalia</span> <span class='ocrx_word' id='word_1_9' title='bbox 1153 532 1155 535; x_wconf 31' lang='lat' dir='ltr'>v</span> 
     </span>
     <span class='ocr_line' id='line_1_4' title="bbox 177 620 719 702; baseline -0.009 -13"><span class='ocrx_word' id='word_1_10' title='bbox 177 628 253 689; x_wconf 89' lang='lat' dir='ltr'>sunt</span> <span class='ocrx_word' id='word_1_11' title='bbox 261 623 335 702; x_wconf 84' lang='lat' dir='ltr'>tria,</span> <span class='ocrx_word' id='word_1_12' title='bbox 344 621 519 688; x_wconf 90' lang='lat' dir='ltr'>obscurum</span> <span class='ocrx_word' id='word_1_13' title='bbox 531 620 719 687; x_wconf 86' lang='lat' dir='ltr'>inornatum</span> 
     </span>
     <span class='ocr_line' id='line_1_5' title="bbox 175 735 363 802; baseline -0.021 0"><span class='ocrx_word' id='word_1_14' title='bbox 175 735 363 802; x_wconf 86' lang='lat' dir='ltr'>barbarum.</span> 
     </span>
    </p>

    <p class='ocr_par' dir='ltr' id='par_1_4' title="bbox 175 845 721 1383">
     <span class='ocr_line' id='line_1_6' title="bbox 219 845 721 930; baseline -0.006 -16"><span class='ocrx_word' id='word_1_15' title='bbox 219 848 431 914; x_wconf 88' lang='lat' dir='ltr'>obscuritatis</span> <span class='ocrx_word' id='word_1_16' title='bbox 475 845 600 930; x_wconf 88' lang='lat' dir='ltr'>species</span> <span class='ocrx_word' id='word_1_17' title='bbox 644 852 721 911; x_wconf 89' lang='lat' dir='ltr'>sunt</span> 
     </span>
     <span class='ocr_line' id='line_1_7' title="bbox 177 958 719 1046; baseline -0.006 -18"><span class='ocrx_word' id='word_1_18' title='bbox 177 967 270 1028; x_wconf 89' lang='lat' dir='ltr'>octo:</span> <span class='ocrx_word' id='word_1_19' title='bbox 300 959 487 1046; x_wconf 77' lang='lat' dir='ltr'>acyrologia</span> <span class='ocrx_word' id='word_1_20' title='bbox 511 958 719 1044; x_wconf 79' lang='lat' dir='ltr'>pleonasmus</span> 
     </span>
     <span class='ocr_line' id='line_1_8' title="bbox 175 1071 719 1160; baseline -0.006 -21"><span class='ocrx_word' id='word_1_21' title='bbox 175 1073 391 1160; x_wconf 81' lang='lat' dir='ltr'>perissologia</span> <span class='ocrx_word' id='word_1_22' title='bbox 421 1071 622 1156; x_wconf 80' lang='lat' dir='ltr'>macrologia</span> <span class='ocrx_word' id='word_1_23' title='bbox 651 1093 719 1137; x_wconf 87' lang='lat' dir='ltr'>arn-</span> 
     </span>
     <span class='ocr_line' id='line_1_9' title="bbox 176 1183 720 1272; baseline -0.006 -20"><span class='ocrx_word' id='word_1_24' title='bbox 176 1186 323 1272; x_wconf 90' lang='lat' dir='ltr'>phibolia</span> <span class='ocrx_word' id='word_1_25' title='bbox 370 1185 553 1269; x_wconf 79' lang='lat' dir='ltr'>tautologia</span> <span class='ocrx_word' id='word_1_26' title='bbox 598 1183 720 1269; x_wconf 81' lang='lat' dir='ltr'>ellipsis</span> 
     </span>
     <span class='ocr_line' id='line_1_10' title="bbox 176 1300 335 1383; baseline -0.013 -18"><span class='ocrx_word' id='word_1_27' title='bbox 176 1300 335 1383; x_wconf 88' lang='lat' dir='ltr'>aenigma.</span> 
     </span>
    </p>

    <p class='ocr_par' dir='ltr' id='par_1_5' title="bbox 176 1409 720 1835">
     <span class='ocr_line' id='line_1_11' title="bbox 219 1409 720 1494; baseline -0.006 -17"><span class='ocrx_word' id='word_1_28' title='bbox 219 1413 391 1477; x_wconf 85' lang='lat' dir='ltr'>inornatae</span> <span class='ocrx_word' id='word_1_29' title='bbox 413 1409 570 1476; x_wconf 90' lang='lat' dir='ltr'>orationis</span> <span class='ocrx_word' id='word_1_30' title='bbox 595 1411 720 1494; x_wconf 84' lang='lat' dir='ltr'>species</span> 
     </span>
     <span class='ocr_line' id='line_1_12' title="bbox 177 1523 720 1608; baseline -0.002 -19"><span class='ocrx_word' id='word_1_31' title='bbox 177 1529 253 1590; x_wconf 89' lang='lat' dir='ltr'>sunt</span> <span class='ocrx_word' id='word_1_32' title='bbox 282 1525 424 1608; x_wconf 90' lang='lat' dir='ltr'>quinque</span> <span class='ocrx_word' id='word_1_33' title='bbox 454 1523 613 1608; x_wconf 81' lang='lat' dir='ltr'>tapinosis</span> <span class='ocrx_word' id='word_1_34' title='bbox 649 1544 720 1588; x_wconf 89' lang='lat' dir='ltr'>aes-</span> 
     </span>
     <span class='ocr_line' id='line_1_13' title="bbox 176 1636 720 1721; baseline -0.004 -18"><span class='ocrx_word' id='word_1_35' title='bbox 176 1636 344 1721; x_wconf 86' lang='lat' dir='ltr'>chrologia</span> <span class='ocrx_word' id='word_1_36' title='bbox 368 1636 592 1721; x_wconf 88' lang='lat' dir='ltr'>cacenphaton</span> <span class='ocrx_word' id='word_1_37' title='bbox 627 1657 720 1702; x_wconf 86' lang='lat' dir='ltr'>caeo·</span> 
     </span>
     <span class='ocr_line' id='line_1_14' title="bbox 177 1749 546 1835; baseline -0.008 -19"><span class='ocrx_word' id='word_1_38' title='bbox 177 1750 260 1816; x_wconf 86' lang='lat' dir='ltr'>nelia</span> <span class='ocrx_word' id='word_1_39' title='bbox 283 1749 546 1835; x_wconf 78' lang='lat' dir='ltr'>cacosyntheton.</span> 
     </span>
    </p>

    <p class='ocr_par' dir='ltr' id='par_1_6' title="bbox 176 1862 1315 2732">
     <span class='ocr_line' id='line_1_15' title="bbox 219 1862 828 1946; baseline -0.005 -18"><span class='ocrx_word' id='word_1_40' title='bbox 219 1862 383 1928; x_wconf 86' lang='lat' dir='ltr'>barbarae</span> <span class='ocrx_word' id='word_1_41' title='bbox 417 1862 574 1927; x_wconf 89' lang='lat' dir='ltr'>orationis</span> <span class='ocrx_word' id='word_1_42' title='bbox 608 1867 720 1946; x_wconf 86' lang='lat' dir='ltr'>partes</span> <span class='ocrx_word' id='word_1_43' title='bbox 826 1888 828 1893; x_wconf 88' lang='lat'><em>·</em></span> 
     </span>
     <span class='ocr_line' id='line_1_16' title="bbox 179 1973 719 2055; baseline -0.002 -15"><span class='ocrx_word' id='word_1_44' title='bbox 179 1975 355 2055; x_wconf 87' lang='lat' dir='ltr'>suntdnae‚</span> <span class='ocrx_word' id='word_1_45' title='bbox 372 1974 581 2041; x_wconf 86' lang='lat' dir='ltr'>soloecismus</span> <span class='ocrx_word' id='word_1_46' title='bbox 595 1979 629 2040; x_wconf 89' lang='lat' dir='ltr'>et</span> <span class='ocrx_word' id='word_1_47' title='bbox 643 1973 719 2040; x_wconf 92' lang='lat' dir='ltr'>bar·</span> 
     </span>
     <span class='ocr_line' id='line_1_17' title="bbox 176 2086 720 2172; baseline -0.004 -19"><span class='ocrx_word' id='word_1_48' title='bbox 176 2087 349 2168; x_wconf 86' lang='lat' dir='ltr'>barismus‚</span> <span class='ocrx_word' id='word_1_49' title='bbox 359 2109 497 2172; x_wconf 90' lang='lat' dir='ltr'>quorum</span> <span class='ocrx_word' id='word_1_50' title='bbox 508 2086 633 2172; x_wconf 86' lang='lat' dir='ltr'>speeies</span> <span class='ocrx_word' id='word_1_51' title='bbox 645 2092 720 2153; x_wconf 88' lang='lat' dir='ltr'>sunt</span> 
     </span>
     <span class='ocr_line' id='line_1_18' title="bbox 176 2200 1240 2284; baseline 0.002 -20"><span class='ocrx_word' id='word_1_52' title='bbox 176 2200 345 2284; x_wconf 87' lang='lat' dir='ltr'>plurimae.</span> <span class='ocrx_word' id='word_1_53' title='bbox 1238 2244 1240 2248; x_wconf 92' lang='lat'><em>-</em></span> 
     </span>
     <span class='ocr_line' id='line_1_19' title="bbox 221 2302 1203 2398; baseline -0.011 -20"><span class='ocrx_word' id='word_1_54' title='bbox 221 2312 415 2398; x_wconf 77' lang='lat' dir='ltr'>Aoyrologia</span> <span class='ocrx_word' id='word_1_55' title='bbox 443 2318 495 2378; x_wconf 90' lang='lat' dir='ltr'>est</span> <span class='ocrx_word' id='word_1_56' title='bbox 531 2313 631 2378; x_wconf 88' lang='lat' dir='ltr'>dictio</span> <span class='ocrx_word' id='word_1_57' title='bbox 660 2314 719 2377; x_wconf 87' lang='lat' dir='ltr'>mi·</span> <span class='ocrx_word' id='word_1_58' title='bbox 815 2304 1011 2390; x_wconf 87' lang='lat' dir='ltr'>Acyrologia</span> <span class='ocrx_word' id='word_1_59' title='bbox 1031 2302 1203 2369; x_wconf 79' lang='lat' dir='ltr'>est-dictio</span> 
     </span>
     <span class='ocr_line' id='line_1_20' title="bbox 177 2416 1315 2506; baseline 0.004 -17"><span class='ocrx_word' id='word_1_60' title='bbox 177 2447 238 2490; x_wconf 90' lang='lat' dir='ltr'>nus</span> <span class='ocrx_word' id='word_1_61' title='bbox 267 2426 494 2491; x_wconf 86' lang='lat' dir='ltr'>convenienter</span> <span class='ocrx_word' id='word_1_62' title='bbox 527 2425 631 2506; x_wconf 85' lang='lat' dir='ltr'>elata,</span> <span class='ocrx_word' id='word_1_63' title='bbox 668 2424 719 2490; x_wconf 87' lang='lat' dir='ltr'>vel</span> <span class='ocrx_word' id='word_1_64' title='bbox 918 2442 920 2445; x_wconf 86' lang='grc'><strong><em>·</em></strong></span> <span class='ocrx_word' id='word_1_65' title='bbox 978 2470 980 2473; x_wconf 94' lang='grc'>-</span> <span class='ocrx_word' id='word_1_66' title='bbox 1075 2416 1253 2504; x_wconf 60' lang='grc' dir='ltr'>ίΠΡῐθΡΥῘθ,</span> <span class='ocrx_word' id='word_1_67' title='bbox 1276 2419 1315 2482; x_wconf 71' lang='lat' dir='ltr'>ul</span> 
     </span>
     <span class='ocr_line' id='line_1_21' title="bbox 178 2534 719 2623; baseline 0.004 -21"><span class='ocrx_word' id='word_1_68' title='bbox 178 2559 242 2602; x_wconf 91' lang='lat' dir='ltr'>non</span> <span class='ocrx_word' id='word_1_69' title='bbox 263 2538 405 2623; x_wconf 88' lang='lat' dir='ltr'>propriis</span> <span class='ocrx_word' id='word_1_70' title='bbox 437 2534 634 2604; x_wconf 88' lang='lat' dir='ltr'>dictionibus</span> <span class='ocrx_word' id='word_1_71' title='bbox 662 2538 719 2604; x_wconf 90' lang='lat' dir='ltr'>ob-</span> 
     </span>
     <span class='ocr_line' id='line_1_22' title="bbox 177 2653 638 2732; baseline -0.002 -15"><span class='ocrx_word' id='word_1_72' title='bbox 177 2657 310 2717; x_wconf 88' lang='lat' dir='ltr'>scurata</span> <span class='ocrx_word' id='word_1_73' title='bbox 332 2653 503 2732; x_wconf 84' lang='lat' dir='ltr'>sententia,</span> <span class='ocrx_word' id='word_1_74' title='bbox 526 2659 563 2718; x_wconf 89' lang='lat' dir='ltr'>ut</span> <span class='ocrx_word' id='word_1_75' title='bbox 588 2657 638 2718; x_wconf 89' lang='lat' dir='ltr'>est</span> 
     </span>
    </p>

    <p class='ocr_par' dir='ltr' id='par_1_7' title="bbox 178 2770 1242 3412">
     <span class='ocr_line' id='line_1_23' title="bbox 199 2770 604 2847; baseline 0 -17"><span class='ocrx_word' id='word_1_76' title='bbox 199 2772 313 2830; x_wconf 83' lang='lat' dir='ltr'>accede</span> <span class='ocrx_word' id='word_1_77' title='bbox 335 2770 380 2830; x_wconf 80' lang='lat' dir='ltr'>ud</span> <span class='ocrx_word' id='word_1_78' title='bbox 399 2771 501 2847; x_wconf 65' lang='lat' dir='ltr'>ionem</span> <span class='ocrx_word' id='word_1_79' title='bbox 522 2772 604 2831; x_wconf 79' lang='lat' dir='ltr'>torro</span> 
     </span>
     <span class='ocr_line' id='line_1_24' title="bbox 178 2876 719 2961; baseline 0.002 -19"><span class='ocrx_word' id='word_1_80' title='bbox 178 2876 235 2942; x_wconf 89' lang='lat' dir='ltr'>ubi</span> <span class='ocrx_word' id='word_1_81' title='bbox 264 2877 372 2943; x_wconf 90' lang='lat' dir='ltr'>nullus</span> <span class='ocrx_word' id='word_1_82' title='bbox 405 2877 606 2961; x_wconf 88' lang='lat' dir='ltr'>significatur</span> <span class='ocrx_word' id='word_1_83' title='bbox 635 2878 719 2961; x_wconf 86' lang='lat' dir='ltr'>ignis</span> 
     </span>
     <span class='ocr_line' id='line_1_25' title="bbox 178 2989 719 3073; baseline 0 -18"><span class='ocrx_word' id='word_1_84' title='bbox 178 3011 288 3055; x_wconf 87' lang='lat' dir='ltr'>verum</span> <span class='ocrx_word' id='word_1_85' title='bbox 304 2991 460 3055; x_wconf 85' lang='lat' dir='ltr'>meretrix</span> <span class='ocrx_word' id='word_1_86' title='bbox 483 2995 516 3055; x_wconf 91' lang='lat' dir='ltr'>et</span> <span class='ocrx_word' id='word_1_87' title='bbox 537 2989 625 3073; x_wconf 86' lang='lat' dir='ltr'>apud</span> <span class='ocrx_word' id='word_1_88' title='bbox 639 2990 719 3055; x_wconf 87' lang='lat' dir='ltr'>Vor-</span> 
     </span>
     <span class='ocr_line' id='line_1_26' title="bbox 178 3098 290 3185; baseline 0.009 -19"><span class='ocrx_word' id='word_1_89' title='bbox 178 3098 290 3185; x_wconf 86' lang='lat' dir='ltr'>gilium</span> 
     </span>
     <span class='ocr_line' id='line_1_27' title="bbox 178 3212 1242 3296; baseline -0.004 -18"><span class='ocrx_word' id='word_1_90' title='bbox 178 3220 261 3279; x_wconf 80' lang='lat' dir='ltr'>tanc</span> <span class='ocrx_word' id='word_1_91' title='bbox 281 3236 338 3296; x_wconf 75' lang='lat' dir='ltr'>epo</span> <span class='ocrx_word' id='word_1_92' title='bbox 359 3221 387 3279; x_wconf 79' lang='lat' dir='ltr'>rt</span> <span class='ocrx_word' id='word_1_93' title='bbox 403 3220 495 3294; x_wconf 80' lang='lat' dir='ltr'>potui</span> <span class='ocrx_word' id='word_1_94' title='bbox 512 3225 628 3280; x_wconf 79' lang='lat' dir='ltr'>tontum</span> <span class='ocrx_word' id='word_1_95' title='bbox 646 3238 670 3281; x_wconf 84' lang='lat' dir='ltr'>s.</span> <span class='ocrx_word' id='word_1_96' title='bbox 688 3221 717 3281; x_wconf 80' lang='lat' dir='ltr'>d.</span> <span class='ocrx_word' id='word_1_97' title='bbox 836 3212 918 3271; x_wconf 59' lang='grc' dir='ltr'>ΜΟ</span> <span class='ocrx_word' id='word_1_98' title='bbox 941 3226 998 3285; x_wconf 68' lang='lat'>890</span> <span class='ocrx_word' id='word_1_99' title='bbox 1020 3229 1044 3270; x_wconf 74' lang='lat' dir='ltr'>S·</span> <span class='ocrx_word' id='word_1_100' title='bbox 1063 3227 1097 3286; x_wconf 72' lang='lat' dir='ltr'>P·</span> <span class='ocrx_word' id='word_1_101' title='bbox 1121 3215 1140 3271; x_wconf 71' lang='lat' dir='ltr'>t·</span> <span class='ocrx_word' id='word_1_102' title='bbox 1164 3228 1187 3268; x_wconf 74' lang='lat' dir='ltr'>s·</span> <span class='ocrx_word' id='word_1_103' title='bbox 1213 3213 1242 3274; x_wconf 80' lang='lat' dir='ltr'>d.</span> 
     </span>
     <span class='ocr_line' id='line_1_28' title="bbox 179 3328 675 3412; baseline 0 -21"><span class='ocrx_word' id='word_1_104' title='bbox 179 3348 312 3410; x_wconf 87' lang='lat' dir='ltr'>sperare</span> <span class='ocrx_word' id='word_1_105' title='bbox 337 3349 398 3412; x_wconf 91' lang='lat' dir='ltr'>pro</span> <span class='ocrx_word' id='word_1_106' title='bbox 420 3329 535 3393; x_wconf 87' lang='lat' dir='ltr'>timere</span> <span class='ocrx_word' id='word_1_107' title='bbox 557 3328 675 3412; x_wconf 93' lang='lat' dir='ltr'>posuit.</span> 
     </span>
    </p>

    <p class='ocr_par' dir='ltr' id='par_1_8' title="bbox 362 3441 507 3524">
     <span class='ocr_line' id='line_1_29' title="bbox 362 3441 507 3524; baseline -0.014 -17"><span class='ocrx_word' id='word_1_108' title='bbox 362 3441 507 3524; x_wconf 68' lang='lat' dir='ltr'>(stoan)</span> 
     </span>
    </p>

    <p class='ocr_par' dir='ltr' id='par_1_9' title="bbox 176 3552 1314 4313">
     <span class='ocr_line' id='line_1_30' title="bbox 222 3552 1071 3640; baseline 0.002 -23"><span class='ocrx_word' id='word_1_109' title='bbox 222 3552 453 3636; x_wconf 85' lang='lat' dir='ltr'>Aeschrologia</span> <span class='ocrx_word' id='word_1_110' title='bbox 470 3558 520 3618; x_wconf 89' lang='lat' dir='ltr'>est</span> <span class='ocrx_word' id='word_1_111' title='bbox 541 3554 618 3619; x_wconf 86' lang='lat' dir='ltr'>vitio</span> <span class='ocrx_word' id='word_1_112' title='bbox 633 3575 718 3620; x_wconf 91' lang='lat' dir='ltr'>com·</span> <span class='ocrx_word' id='word_1_113' title='bbox 772 3555 996 3640; x_wconf 89' lang='lat' dir='ltr'>cacenphaton</span> <span class='ocrx_word' id='word_1_114' title='bbox 1021 3559 1071 3620; x_wconf 88' lang='lat' dir='ltr'>est</span> 
     </span>
     <span class='ocr_line' id='line_1_31' title="bbox 177 3666 718 3749; baseline 0.004 -19"><span class='ocrx_word' id='word_1_115' title='bbox 177 3666 347 3749; x_wconf 84' lang='lat' dir='ltr'>positionis</span> <span class='ocrx_word' id='word_1_116' title='bbox 362 3666 581 3731; x_wconf 83' lang='lat' dir='ltr'>inverecunda</span> <span class='ocrx_word' id='word_1_117' title='bbox 603 3668 718 3746; x_wconf 83' lang='lat' dir='ltr'>oratio,</span> 
     </span>
     <span class='ocr_line' id='line_1_32' title="bbox 177 3777 1313 3864; baseline 0.001 -22"><span class='ocrx_word' id='word_1_118' title='bbox 177 3777 368 3862; x_wconf 88' lang='lat' dir='ltr'>compositio</span> <span class='ocrx_word' id='word_1_119' title='bbox 376 3777 549 3844; x_wconf 85' lang='lat' dir='ltr'>verborum</span> <span class='ocrx_word' id='word_1_120' title='bbox 557 3779 718 3845; x_wconf 89' lang='lat' dir='ltr'>obscenae</span> <span class='ocrx_word' id='word_1_121' title='bbox 771 3779 1144 3864; x_wconf 83' lang='lat' dir='ltr'>compositioverborum</span> <span class='ocrx_word' id='word_1_122' title='bbox 1152 3779 1313 3845; x_wconf 90' lang='lat' dir='ltr'>obscenae</span> 
     </span>
     <span class='ocr_line' id='line_1_33' title="bbox 177 3889 1312 3976; baseline 0.002 -22"><span class='ocrx_word' id='word_1_123' title='bbox 177 3889 423 3974; x_wconf 89' lang='lat' dir='ltr'>significationis</span> <span class='ocrx_word' id='word_1_124' title='bbox 434 3897 498 3956; x_wconf 92' lang='lat' dir='ltr'>aut</span> <span class='ocrx_word' id='word_1_125' title='bbox 511 3892 606 3956; x_wconf 90' lang='lat' dir='ltr'>unius</span> <span class='ocrx_word' id='word_1_126' title='bbox 627 3892 718 3957; x_wconf 85' lang='lat' dir='ltr'>verbi</span> <span class='ocrx_word' id='word_1_127' title='bbox 771 3893 1017 3976; x_wconf 88' lang='lat' dir='ltr'>significationis</span> <span class='ocrx_word' id='word_1_128' title='bbox 1033 3898 1091 3957; x_wconf 88' lang='lat' dir='ltr'>aut</span> <span class='ocrx_word' id='word_1_129' title='bbox 1105 3892 1200 3957; x_wconf 88' lang='lat' dir='ltr'>unius</span> <span class='ocrx_word' id='word_1_130' title='bbox 1220 3892 1312 3956; x_wconf 85' lang='lat' dir='ltr'>verbi</span> 
     </span>
     <span class='ocr_line' id='line_1_34' title="bbox 177 4003 1168 4089; baseline 0.001 -22"><span class='ocrx_word' id='word_1_131' title='bbox 177 4003 319 4068; x_wconf 90' lang='lat' dir='ltr'>obscena</span> <span class='ocrx_word' id='word_1_132' title='bbox 349 4004 543 4087; x_wconf 88' lang='lat' dir='ltr'>significatio</span> <span class='ocrx_word' id='word_1_133' title='bbox 576 4009 609 4069; x_wconf 89' lang='lat' dir='ltr'>et</span> <span class='ocrx_word' id='word_1_134' title='bbox 642 4026 718 4089; x_wconf 94' lang='lat' dir='ltr'>pro·</span> <span class='ocrx_word' id='word_1_135' title='bbox 771 4004 913 4070; x_wconf 90' lang='lat' dir='ltr'>obscena</span> <span class='ocrx_word' id='word_1_136' title='bbox 934 4004 1168 4089; x_wconf 86' lang='lat' dir='ltr'>pronuntiatio,</span> 
     </span>
     <span class='ocr_line' id='line_1_35' title="bbox 176 4115 1314 4200; baseline 0.003 -21"><span class='ocrx_word' id='word_1_137' title='bbox 176 4115 347 4180; x_wconf 89' lang='lat' dir='ltr'>nuntiatio.</span> <span class='ocrx_word' id='word_1_138' title='bbox 372 4116 604 4199; x_wconf 90' lang='lat' dir='ltr'>compositione</span> <span class='ocrx_word' id='word_1_139' title='bbox 622 4115 660 4180; x_wconf 93' lang='lat' dir='ltr'>fit</span> <span class='ocrx_word' id='word_1_140' title='bbox 682 4123 719 4181; x_wconf 93' lang='lat' dir='ltr'>ut</span> <span class='ocrx_word' id='word_1_141' title='bbox 940 4117 1172 4200; x_wconf 82' lang='lat' dir='ltr'>compositione</span> <span class='ocrx_word' id='word_1_142' title='bbox 1204 4115 1243 4181; x_wconf 94' lang='lat' dir='ltr'>fit</span> <span class='ocrx_word' id='word_1_143' title='bbox 1276 4122 1314 4182; x_wconf 88' lang='lat' dir='ltr'>ut</span> 
     </span>
     <span class='ocr_line' id='line_1_36' title="bbox 177 4227 1312 4313; baseline 0.001 -20"><span class='ocrx_word' id='word_1_144' title='bbox 177 4247 244 4295; x_wconf 79' lang='lat' dir='ltr'>com</span> <span class='ocrx_word' id='word_1_145' title='bbox 262 4233 406 4295; x_wconf 79' lang='lat' dir='ltr'>Numerio</span> <span class='ocrx_word' id='word_1_146' title='bbox 424 4234 485 4313; x_wconf 76' lang='lat' dir='ltr'>fot.</span> <span class='ocrx_word' id='word_1_147' title='bbox 522 4227 580 4293; x_wconf 88' lang='lat' dir='ltr'>ssd</span> <span class='ocrx_word' id='word_1_148' title='bbox 611 4247 717 4294; x_wconf 85' lang='lat' dir='ltr'>emen·</span> <span class='ocrx_word' id='word_1_149' title='bbox 771 4249 838 4295; x_wconf 81' lang='lat' dir='ltr'>com</span> <span class='ocrx_word' id='word_1_150' title='bbox 862 4232 1008 4292; x_wconf 75' lang='lat' dir='ltr'>Numerio</span> <span class='ocrx_word' id='word_1_151' title='bbox 1032 4234 1091 4309; x_wconf 76' lang='lat' dir='ltr'>fut.</span> <span class='ocrx_word' id='word_1_152' title='bbox 1123 4227 1312 4296; x_wconf 80' lang='lat' dir='ltr'>sedamen·</span> 
     </span>
    </p>
   </div>
   <div class='ocr_carea' id='block_1_3' title="bbox 0 0 1580 4642">
    <p class='ocr_par' dir='ltr' id='par_1_10' title="bbox 0 0 1580 4642">
     <span class='ocr_line' id='line_1_37' title="bbox 0 0 1580 4642; baseline 0 0"><span class='ocrx_word' id='word_1_153' title='bbox 0 0 1580 4642; x_wconf 95' lang='lat' dir='ltr'> </span> 
     </span>
    </p>
   </div>
  </div>
 </body>
</html>
