3150 4642
743 222 958 291 ..pg-

285 390 370 457 inter
385 393 494 459 vitia
513 395 727 460 orationis
741 395 847 461 relata
862 403 912 463 est
927 397 1120 481 aenigmatis
1136 395 1291 477 definitio,
1306 397 1348 463 ab
1364 396 1421 463 illa

255 542 260 553 ·
286 505 346 571 snb
370 506 465 572 titulo
488 507 528 572 de
550 509 654 594 tropis
676 515 809 575 extante
836 515 907 575 toto
929 511 1019 575 coelo
1042 508 1138 575 absit.
1183 510 1230 576 De
1253 510 1421 576 Cacozelia

285 625 393 683 autem
414 625 547 703 praeter
563 619 751 688 Diomedem
774 620 999 687 tantummodo
1018 622 1178 688 Sacerdos
1203 623 1304 688 rerba
1327 623 1420 705 fecit3

284 737 320 796 at
334 727 420 796 inter
439 727 653 799 schemata
674 736 865 800 numeravit.
904 736 1011 814 Quare
1027 754 1101 800 oum
1114 735 1179 800 iam
1191 735 1365 801 uerisimile
1377 736 1420 802 sit

284 837 473 909 Diomedem
502 842 602 911 etiam
631 841 811 912 cacozeliae
846 841 1065 912 definltionem
1094 868 1158 911 non
1189 869 1206 911 e
1233 848 1421 914 Sacerdotis

284 950 374 1020 fonte
389 955 546 1035 hausisse,
568 959 777 1044 perspicuum
792 959 831 1023 fit
853 952 959 1025 verhis
977 960 1263 1043 grammaticorum
1284 956 1420 1025 collatis.

379 1069 726 1152 Diomedes451,8.
971 1066 1180 1138 Sacerdos
1203 1065 1335 1152 455,12.'

283 1178 451 1246 Cacoaelia
493 1188 543 1249 est
587 1206 647 1267 per
691 1184 825 1251 affecta·
878 1183 1045 1251 cacozelia
1065 1190 1116 1250 est
1131 1204 1215 1268 quae
1232 1183 1269 1250 fit
1293 1182 1420 1252 duobus

284 1291 404 1358 tionem
424 1293 551 1360 decoris
575 1303 729 1380 corrupta
754 1320 825 1363 sen·
878 1297 982 1362 modis
1014 1302 1072 1361 aut
1093 1318 1283 1380 magnarum
1310 1316 1420 1363 rerum

284 1404 403 1484 tentia,
431 1427 503 1471 cum
532 1428 570 1472 eo
599 1408 670 1492 ipso
696 1396 722 1474 e.
747 1431 777 1493 q.
801 1432 825 1475 s.
878 1400 1009 1475 humilis
1026 1409 1125 1474 dictio
1143 1416 1201 1475 aut
1214 1411 1420 1475 minimarum

879 1522 984 1586 oratio
1007 1526 1145 1587 tumens.

387 1632 482 1716 Apud
514 1634 676 1699 Donatum
714 1634 776 1699 hoo
815 1637 847 1699 in
879 1634 986 1718 capite
1021 1635 1095 1717 (IV,
1129 1639 1420 1720 aaran-maan)

283 1744 397 1809 Scauri
419 1746 556 1828 vestigia
578 1769 642 1811 non
663 1753 777 1812 extare
795 1768 858 1813 non
874 1747 991 1811 mirum
1007 1750 1065 1825 est,
1089 1746 1177 1829 quod
1199 1748 1298 1812 etiam
1319 1749 1421 1813 totius

283 1857 402 1939 capitis
431 1857 643 1941 dispositione
674 1859 882 1924 aDiomedis
910 1859 1050 1940 recedit;
1081 1858 1213 1924 uberius
1236 1866 1346 1924 autern
1371 1862 1420 1923 in-

281 1969 440 2051 telligitur
468 1971 685 2053 macrologiae
706 1971 893 2036 definitione
914 1972 1034 2035 Donati
1063 1972 1186 2055 (395,7)
1209 1994 1281 2039 cum
1306 1973 1420 2036 Scauri

283 2081 412 2146 collata.
448 2081 561 2166 Neque
584 2083 767 2148 Charisium
785 2084 901 2150 Scauri
917 2078 1020 2147 artem
1039 2084 1073 2146 in
1089 2082 1239 2149 manibus
1256 2084 1420 2163 habuisse,

283 2192 404 2258 eisdem
427 2192 467 2259 de
490 2197 597 2261 causis
619 2201 763 2261 statuere
786 2216 968 2279 possumus.

386 2307 429 2371 At
462 2308 550 2391 apud
582 2307 770 2373 Diomedem
808 2313 841 2373 at
868 2308 988 2373 Donati
1020 2313 1053 2372 et
1080 2308 1217 2372 Charisii
1246 2308 1418 2373 verborum

281 2418 399 2482 similia
421 2425 542 2484 extant.
587 2420 667 2485 Cum
685 2421 885 2486 Charisianis
904 2420 988 2484 enim
1012 2425 1195 2502 congruunt
1216 2419 1419 2485 definitiones

281 2531 470 2615 pleonasmi,
492 2533 745 2615 perissologiae,
769 2532 987 2614 macrologiae
1010 2532 1116 2616 prior,
1143 2532 1343 2616 tapinoseos,
1367 2555 1419 2597 ca-

282 2643 479 2727 cosyntheti3
508 2645 753 2729 aeschrologiae
776 2644 886 2709 a'utem
908 2645 1014 2709 altera
1035 2645 1317 2730 (lacae-4513)
1347 2668 1421 2710 cnm

280 2756 473 2821 Charisiana
508 2757 550 2821 ad
585 2756 720 2821 verbnm
760 2758 911 2840 congruit
948 2757 1158 2841 cacenphah,
1204 2779 1270 2839 qua
1307 2758 1346 2822 de
1383 2779 1419 2822 re

280 2873 395 2950 postea
425 2890 538 2951 agam,
570 2890 643 2933 cum
665 2869 859 2934 Donatianis
882 2869 998 2934 deinde
1025 2870 1067 2934 ad
1096 2869 1230 2935 verbum
1259 2870 1420 2934 consentit

280 2979 386 3044 altera
414 2981 559 3047 definitio
595 2981 761 3065 ellipseos3
789 2982 991 3065 tautologiae
1022 2986 1129 3046 autem
1159 2981 1280 3046 Donati
1307 2981 1421 3046 defini-

280 3093 360 3155 tioni
388 3094 522 3177 propior
550 3100 615 3172 est,
648 3114 744 3176 quam
775 3094 931 3175 Charisii3
970 3094 1203 3178 perissologiae
1232 3116 1250 3158 e
1281 3093 1421 3158 Charisii

280 3210 414 3269 auctore
441 3210 589 3289 sumptae
621 3206 721 3271 verba
743 3212 810 3270 sine
831 3213 896 3270 atla
925 3212 953 3270 oi
976 3228 1120 3271 rorante
1143 3205 1262 3270 Donati
1285 3211 1420 3270 auctore

281 3317 396 3380 addita
418 3339 489 3382 esse
511 3324 590 3382 tunc
612 3322 756 3382 statuere
778 3339 978 3401 cogeremur,
1000 3318 1027 3383 si
1048 3323 1214 3382 constaret
1235 3317 1292 3381 illa
1312 3339 1376 3381 non
1399 3340 1420 3382 a

280 3429 438 3509 Charisio,
462 3451 660 3513 quamquam
680 3431 712 3492 in
729 3430 819 3494 fonte
840 3435 999 3508 extarent,
1021 3430 1141 3494 omissa
1168 3451 1255 3510 esse3
1281 3430 1420 3512 denique

283 3563 367 3624 quae
390 3543 424 3606 in
447 3542 510 3606 fine
531 3543 618 3606 tituli
642 3543 682 3607 de
706 3542 906 3625 amphibolia
927 3542 1090 3625 leguntur,
1114 3543 1270 3606 maiorem
1292 3547 1420 3626 partem

283 3654 372 3737 apud
395 3655 558 3719 Donatum
582 3655 738 3718 minorem
764 3654 852 3737 apud
875 3654 1057 3719 Charisium
1080 3654 1227 3718 redeunt.

383 3766 493 3846 Nunc,
516 3772 553 3831 ut
577 3787 744 3846 eruamur,
768 3767 930 3848 quomodo
952 3766 1119 3831 Diomedis
1142 3766 1321 3849 disputatio
1345 3787 1419 3829 con-

279 3879 439 3942 taminata
462 3879 518 3959 sit,
548 3879 854 3956 animadvertamus
879 3878 958 3961 qnid
979 3878 1109 3943 intersit
1130 3878 1215 3942 inter
1238 3878 1299 3942 hoc
1321 3883 1421 3961 caput

280 3996 313 4054 et
345 3996 444 4073 caput
474 3989 513 4054 de
544 3991 781 4069 schematibus,
812 3990 868 4054 ubi
899 3990 1088 4055 Diomedem
1113 3991 1270 4055 maiorem
1292 3996 1420 4075 partem

280 4103 437 4166 Scaurum
463 4103 555 4185 sequi
576 4103 714 4167 vidimus
735 4104 851 4186 paucis
870 4101 1095 4167 tantummodo
1115 4102 1189 4167 aliis
1211 4124 1252 4166 ex
1275 4101 1419 4166 fontibus

282 4212 391 4277 verbis
413 4213 553 4278 insertis.
598 4213 649 4279 Ibi
679 4215 764 4278 enim
788 4235 846 4278 eae
868 4220 997 4297 partes,
1028 4235 1111 4296 quas
1134 4235 1151 4279 e
1174 4214 1302 4279 duobus
1322 4212 1419 4278 fonti-
