3150 4642
461 415 659 482 Sacerdos.

328 978 521 1062 'tautologia
537 983 588 1043 est
600 977 745 1045 eiusdem
757 999 828 1044 sen·
924 977 1118 1061 Teutologia
1134 979 1343 1044 esteiusdem
1358 980 1424 1043 dic>

284 1112 340 1156 sus
362 1091 414 1156 vel
435 1090 527 1157 verbi
550 1091 698 1172 iteratio,
720 1096 757 1156 ut
779 1097 830 1156 est
880 1090 979 1156 tionis
1003 1092 1155 1175 repetitio
1178 1093 1305 1172 vitiose,

285 1449 342 1509 eqo
365 1434 431 1508 ipse
448 1434 515 1508 feci
538 1434 588 1494 et:
618 1435 737 1507 qualem
880 1433 918 1493 ut
942 1435 1071 1511 egomet
1092 1430 1172 1514 ipse.

284 1546 317 1606 et
338 1546 440 1607 medio
1045 1596 1047 1603 .

327 1652 460 1738 Ellipsis
492 1659 541 1718 est
577 1674 691 1718 sensus
722 1654 827 1718 minus
924 1653 1055 1738 Ellipsis
1077 1662 1128 1720 est

282 1765 408 1831 habens
430 1764 620 1844 verborum,
651 1787 749 1849 quem
771 1788 827 1831 ne·
1039 1766 1186 1833 defectus
1209 1768 1343 1851 quidem
1365 1791 1421 1832 ne-

284 1879 420 1944 cessitas
440 1880 595 1963 postulot‚
619 1883 656 1943 ut
880 1879 1042 1943 cesseriee
1061 1880 1222 1962 dictionis,
1244 1902 1342 1964 quem
1367 1880 1423 1945 de-

879 1990 1003 2056 sideret
1025 1993 1175 2075 praecisa
1193 1993 1363 2073 sententia,
1386 1999 1425 2057 ut

371 2126 458 2183 quem
481 2109 535 2170 tihi
557 2110 618 2170 iem
645 2109 737 2169 Troia

284 2216 375 2281 dedit
397 2222 455 2281 eut
477 2218 602 2306 aliquid
623 2216 689 2282 tele
706 2216 825 2281 subeu·
1044 2223 1122 2281 hoec
1143 2236 1245 2281 seeum

284 2328 381 2393 ditur.
879 2327 971 2394 deest
993 2329 1078 2395 enim
1100 2330 1306 2413 loquebatur.

326 2776 496 2861 Tepinosis
526 2784 576 2842 est
608 2779 656 2842 rei
686 2799 825 2861 magnae
920 2777 1091 2862 Tapinosis
1112 2783 1162 2843 est
1182 2778 1349 2844 humilitas
1372 2778 1424 2843 rei

282 2889 412 2955 humilis
435 2891 596 2975 expositio
617 2896 654 2956 ut
668 2891 825 2957 Horatius
877 2911 1014 2974 magnae
1027 2911 1092 2955 non
1107 2891 1141 2955 id
1159 2897 1277 2975 egente
1291 2897 1423 2956 senten·

876 3004 932 3084 tie,
954 3009 992 3068 ut

874 3121 1060 3196 penitusque
1092 3139 1244 3182 cavernas
1273 3121 1422 3197 lucentes

1062 3252 1230 3297 come

870 3345 910 3405 'et
978 3346 1135 3408 Dulichios
1156 3353 1268 3408 vexato
1290 3365 1317 3406 r.

380 3572 508 3632 Pelidae
527 3574 721 3641 stomachum.
877 3571 910 3631 et
976 3572 1102 3633 Pelidae
1121 3574 1306 3634 stomachum
1326 3589 1351 3633 e.
1368 3590 1398 3633 n.

325 3905 584 3991 Cecosyntheten
607 3910 657 3969 est
670 3904 823 3968 indecens
920 3903 1180 3989 Cecesyntheton
1216 3910 1266 3969 est
1301 3903 1420 3973 vitiosa

277 4023 449 4084 structure
474 4016 647 4082 verborum
668 4022 706 4081 ut
877 4017 1068 4105 compositio
1091 4016 1279 4093 dictionum,
1302 4020 1339 4079 ut

310 4150 461 4208 versoque
483 4136 642 4194 iuvencum
669 4133 699 4193 T.
713 4138 751 4197 f..
766 4136 797 4196 d.
919 4150 1070 4208 cereoque
1092 4134 1250 4193 iuvencum
1277 4133 1309 4192 T.
1326 4134 1405 4208 fit·
