3150 4642
674 228 887 295 2-53-

386 388 592 461 Diomedes.

214 507 416 573 detractione
443 510 623 575 mutatione
649 517 756 576 trans·

213 621 402 686 mutatione.

272 733 465 801 adiectionis
510 735 637 819 speeies
681 741 757 801 sunt

214 852 384 931 quattuor:
432 868 492 930 per
541 847 756 913 adiectionem

212 962 369 1045 temporis
405 961 472 1026 sive
500 960 755 1045 productionem,

211 1097 271 1159 per
293 1074 508 1140 adiectionem
533 1073 674 1155 litterae,
697 1096 756 1159 per

213 1187 429 1253 adiectionem
442 1185 597 1272 syllabae,
620 1207 679 1269 per
696 1186 752 1251 ad·

211 1300 384 1366 iectionem
407 1299 648 1382 adspirationis.

255 1413 446 1477 Adiectione
491 1411 648 1496 temporis
687 1412 754 1476 sive

212 1525 425 1610 productione
447 1524 486 1588 fit
502 1524 565 1588 hoe
584 1523 681 1588 modo
703 1529 739 1588 ut

292 1642 414 1703 [tullum
430 1645 500 1717 suto
517 1643 692 1716 prosaque·

211 1751 223 1814 i
259 1751 342 1814 enirn
375 1750 481 1834 prima
521 1748 647 1834 syllaba
682 1769 755 1812 oum

212 1863 333 1946 corripi
365 1862 484 1927 debeat
513 1861 674 1946 producta
697 1865 755 1939 est,

211 1976 230 2038 i.
240 1997 267 2039 e.
279 1997 351 2040 eum
361 1973 484 2039 habere
497 1973 616 2039 debeat
627 1979 755 2056 tempus

211 2110 310 2151 unum
327 2086 429 2151 habet
458 2088 537 2151 duo:
571 2086 751 2150 adiectione
804 2103 863 2165 per
882 2082 1095 2146 adiectionem
1118 2083 1247 2147 litterae
1266 2084 1349 2148 fiunt

210 2200 350 2278 litterae,
359 2205 395 2263 ut
403 2199 504 2282 siquis
519 2198 686 2281 relliquias
698 2220 751 2282 ge·
806 2193 1002 2258 barbarismi
1025 2196 1109 2259 sieut

210 2313 334 2376 minata
350 2311 362 2375 l
382 2312 494 2376 littera
506 2311 703 2396 pronuntiet,
716 2317 753 2376 ut

313 2430 473 2504 relliquias
497 2428 659 2500 Dunuum;
913 2424 1072 2499 relliquias
1096 2424 1236 2484 Danaam

806 2553 878 2595 oum
923 2531 1077 2614 reliquias
1113 2553 1172 2614 per
1205 2554 1304 2597 unum
1336 2532 1347 2597 l

805 2642 913 2708 dicere
936 2643 1128 2723 debeamus,

211 2759 393 2825 adiectione
426 2759 571 2844 syllabae
602 2782 674 2825 oum
705 2761 751 2825 di·
1012 2756 1156 2840 syllabae
1178 2763 1216 2822 ut

211 2874 312 2937 aimus
344 2872 473 2937 Mavors
510 2893 569 2956 pro
600 2872 688 2939 Mars
719 2880 752 2938 et

209 2984 304 3050 tetuli
325 3006 385 3068 pro
408 2985 485 3064 tuli,
502 2989 539 3049 ut

314 3102 516 3162 Mavortiam
540 3107 630 3161 outre

210 3214 244 3274 et
313 3231 467 3288 nunquam
493 3215 554 3274 bue
580 3214 743 3274 tetulissem

359 3328 472 3401 pedem

209 3436 299 3500 item

314 3553 441 3611 alituum
457 3568 520 3626 pro
540 3552 644 3611 alitam

907 3691 962 3733 nos
984 3674 1097 3734 abiisse
1119 3677 1182 3735 ruti

803 3802 863 3863 pro
886 3781 1010 3862 abisse,

907 3894 1072 3977 temporis,
1095 3899 1133 3957 ut

881 4010 1002 4070 Italiam
1019 4013 1089 4085 suto
1107 4014 1265 4087 prosaque

804 4138 876 4182 eum
899 4116 1028 4181 Italiam
1061 4123 1212 4202 correpta
1239 4121 1345 4203 prima

804 4228 928 4312 syllaba
952 4227 1060 4296 dioere
1082 4227 1268 4295 debeamus.
