3150 4642
283 967 506 1035 Grammatico
525 965 629 1036 latina
644 964 806 1055 quomodo
823 979 1007 1056 temporum
1022 962 1162 1039 decursu
1185 962 1314 1040 exculta

179 1088 277 1167 atque
299 1087 397 1148 aucta
419 1084 461 1148 sit
484 1084 540 1167 qui
562 1084 808 1167 quaesiverunt,
830 1086 979 1168 inprimis
1001 1086 1035 1150 in
1058 1086 1244 1153 Charisii
1265 1089 1313 1152 in·
1399 1124 1401 1126 ·

64 1189 68 1195 ’
179 1198 364 1262 stitutiones
393 1197 623 1279 grammaticas
653 1218 787 1282 operam
815 1190 1044 1282 impenderunt
1073 1205 1111 1265 ut
1138 1201 1172 1264 in
1195 1201 1312 1285 quibus

179 1310 300 1393 optime
315 1308 423 1374 fontes
445 1309 586 1375 discerni
605 1312 740 1394 possint,
763 1310 980 1377 Diomedis
1003 1317 1113 1378 autem
1133 1313 1236 1379 libros
1257 1336 1312 1379 ne·
1432 1338 1435 1343 ·

178 1423 366 1506 glexerunt,
411 1422 479 1515 cui
498 1423 651 1507 scriptori
691 1423 801 1488 nescio
842 1445 885 1488 an
927 1424 1110 1490 Christii
1152 1428 1314 1492 sententia

179 1552 264 1600 anno
286 1534 383 1599 huius
405 1535 528 1599 saeculi
557 1536 758 1618 sexagesimo
790 1536 894 1601 altero
920 1537 1051 1620 prolata
1073 1537 1185 1603 fatalis
1206 1538 1314 1619 fuerit,

179 1647 235 1730 qui
255 1668 296 1712 ex
311 1647 536 1730 disquisitione
559 1646 599 1712 de
621 1647 787 1714 Diomedis
809 1648 955 1714 fontibus
977 1649 1093 1715 habita
1113 1651 1203 1715 haud
1223 1672 1313 1735 mag-

148 1762 151 1767 ’
178 1783 254 1825 num
287 1760 537 1825 emolumentum
578 1760 672 1826 nobis
704 1760 852 1827 futurum
882 1783 953 1827 esse
992 1764 1126 1828 censuit.
1184 1763 1312 1847 (PhiloI.

178 1872 287 1938 XVIII
307 1895 338 1956 p.
363 1878 424 1938 128
438 1875 531 1958 sqq).

282 1985 347 2050 Sed
360 1985 461 2050 talem
476 1984 736 2069 disquisitionem
748 1986 852 2070 pluris
865 1987 988 2053 habere
1011 1988 1046 2052 in
1064 2009 1195 2054 recessu
1216 2010 1315 2072 quam

178 2097 285 2163 fronte
305 2097 486 2182 promittat,
509 2119 526 2163 e
548 2098 813 2164 Kummrowii
836 2100 1064 2166 dissertatione
1082 2104 1171 2184 'quae
1200 2103 1314 2166 inscri-

177 2210 282 2275 bitur:
305 2209 459 2295 Symbola
482 2211 597 2275 oritica
618 2210 660 2275 ad
683 2212 914 2294 grammaticos
938 2212 1056 2278 latinos
1079 2213 1314 2299 (Gryphiswab

179 2322 252 2387 diae
276 2324 373 2407 1880)
402 2323 482 2388 satis
509 2344 670 2407 superque
701 2323 816 2388 elucet.
861 2323 945 2390 Nam
972 2327 1118 2409 quamvis
1149 2326 1260 2391 multis
1281 2327 1314 2391 in

178 2434 277 2500 rebus
298 2434 517 2500 Kummrowio
540 2456 604 2500 non
631 2437 809 2516 assentiar,
841 2442 951 2502 tamen
977 2437 1041 2503 hac
1067 2440 1100 2504 in
1122 2459 1158 2503 re
1179 2459 1314 2523 prorsus

179 2569 253 2612 cum
287 2568 325 2612 eo
356 2547 458 2628 facio,
493 2547 579 2632 quod
619 2548 826 2615 eDiomedis
859 2555 930 2615 arte
966 2550 1081 2615 Scauri
1110 2552 1315 2634 grammatici

178 2659 364 2744 fragmenta
386 2660 540 2725 facillime
561 2661 631 2725 erui
649 2665 745 2744 posse
768 2661 927 2741 existimo.
972 2663 1080 2741 Quare
1100 2663 1315 2746 inquisiturus

180 2794 250 2837 sum
279 2773 314 2836 in
346 2793 418 2838 eam
438 2773 605 2838 Diomedis
636 2773 771 2839 secundi
799 2773 877 2839 libri
904 2780 1049 2859 partem,
1080 2796 1164 2858 quae
1192 2776 1268 2841 inde
1295 2797 1315 2840 a

178 2906 252 2970 pag.
277 2890 349 2965 439,
375 2891 415 2950 14
436 2885 559 2969 incipit,
584 2886 704 2971 quippe
727 2906 813 2969 quae
835 2887 1033 2971 singularem
1056 2887 1220 2970 quandam
1243 2911 1315 2973 spe-

180 2999 261 3064 ciem
298 3018 379 3082 prae
416 3019 450 3064 se
486 2997 574 3063 ferat
608 2999 775 3083 multaque
814 2999 990 3083 praebeat,
1024 3021 1108 3083 quae
1142 3000 1315 3066 Diomedes

180 3111 268 3176 solus
292 3110 433 3176 exhibet.

180 3368 279 3459 Oap.
302 3372 331 3441 I.
375 3367 427 3434 De
449 3367 633 3435 litomedis
657 3368 775 3452 cupite
799 3370 893 3451 quod
914 3370 970 3435 est
992 3370 1035 3436 de
1056 3370 1314 3455 metaplasmis

283 3554 301 3638 ᾗ
325 3557 352 3616 1.
395 3552 632 3642 Kummrowius
653 3554 781 3639 paginis
797 3560 902 3620 5—19
921 3554 1070 3638 explicat,
1103 3577 1207 3639 „quae
1229 3558 1314 3623 ratio

163 3663 362 3730 intercedat
383 3665 469 3731 inter
491 3666 681 3732 DIomedem
704 3671 737 3731 et
759 3666 942 3733 Dharisium
961 3668 1125 3733 Donatum
1156 3669 1315 3735 Sacerdo-

179 3781 255 3856 tem,
279 3777 395 3843 deinde
417 3778 560 3844 breviter
578 3779 719 3863 exponit,
743 3800 809 3863 qua
830 3780 958 3844 ratione
979 3781 1013 3844 in
1035 3779 1129 3845 libris
1144 3787 1314 3847 auctorum

181 3909 313 3954 suorum
344 3891 566 3957 exscribendis
601 3913 679 3957 usus
716 3892 759 3958 sit
793 3891 986 3957 Diomedest‘
1040 3892 1172 3957 Censuit
1206 3898 1315 3960 autem

181 4001 389 4082 „Diomedem
423 4004 636 4088 complurium
676 4005 963 4089 grammaticorum
993 4006 1241 4071 commentarios
1281 4008 1316 4072 in

180 4135 280 4179 unum
305 4116 399 4199 quasi
423 4137 541 4201 corpus
563 4116 739 4198 conflasse,
768 4137 874 4201 neque
896 4122 934 4182 ut
957 4117 1140 4183 Charisium
1163 4117 1316 4205 deinceps

181 4248 237 4291 eos
260 4227 490 4310 exscripsisse“
511 4229 555 4313 (p.
576 4229 637 4313 11).
683 4226 807 4308 Quibus
829 4229 928 4295 rebus
956 4231 1139 4297 constitutis
1163 4231 1204 4296 ad
1228 4236 1315 4318 capi·

650 4415 885 4508 471444
1060 4336 1099 4385 l*
