3150 4642
650 234 867 297 ..9.-

183 404 352 471 excidisse
374 426 450 471 vere
474 404 587 470 videor
607 403 803 470 contendere
824 423 929 488 posse,
952 406 1072 487 quippe
1095 401 1182 486 quod
1202 400 1257 466 hic
1279 422 1330 467 so·

181 519 239 584 lus
265 518 310 585 sit
331 519 456 599 titulus,
477 516 536 583 ubi
558 516 664 583 versic
685 517 788 582 latina
809 516 920 601 graeci
941 515 1092 582 vocabuli
1114 514 1206 581 desit.

297 631 341 697 At
363 653 436 697 cum
457 631 570 717 ipsas
592 623 882 705 definitiones
905 626 947 694 ad
969 650 1069 695 unum
1089 649 1193 712 paene
1215 627 1329 693 modu·

182 745 257 809 lum
282 743 441 828 figuratas
470 765 540 810 esse
563 747 739 828 appareat,
769 740 915 808 diversas
945 741 1142 807 aDiomede
1165 740 1329 806 adhibitas

182 878 262 923 esse
283 857 405 925 formas
426 857 461 922 in
487 855 765 942 explicandis
786 854 1059 921 differentiis
1081 852 1328 939 specificis,

182 991 274 1054 quas
297 971 443 1051 dicimus,
467 991 562 1036 nemo
583 976 634 1036 est
655 970 734 1055 quin
754 969 873 1034 videat.

296 1083 394 1150 Cuius
420 1083 470 1154 rei
497 1083 625 1149 ratione
655 1082 771 1149 habita
799 1082 860 1148 has
888 1080 1111 1150 definitionum
1142 1079 1243 1146 series
1265 1078 1329 1145 dis-

182 1217 326 1263 cernere
347 1218 528 1281 possumus.
612 1209 617 1215 '

743 1393 773 1462 Ι.

295 1535 529 1620 Metaplasmus
546 1538 599 1600 est
618 1532 865 1599 transformatio
881 1532 1043 1617 quaedam
1059 1532 1143 1597 recti
1165 1531 1328 1615 solutique

185 1648 351 1715 sermonis
379 1649 413 1713 in
445 1647 583 1713 alteram
613 1646 753 1731 speciem
779 1646 876 1711 metri
903 1651 960 1711 aut
991 1645 1119 1710 decoris
1149 1664 1249 1709 causa
1272 1643 1326 1728 [de

185 1762 292 1828 verbe
315 1760 494 1844 ‚,figurata“
516 1781 537 1824 a
558 1780 610 1825 me
636 1759 755 1825 omisso
777 1758 889 1823 videas
903 1759 998 1851 ¹infra
1018 1778 1092 1843 pag.
1118 1757 1181 1842 13].

296 1872 479 1940 Prosthesis
495 1877 545 1939 est
556 1871 718 1957 appositio
734 1871 895 1956 quaedam
907 1872 951 1937 ad
960 1870 1156 1957 principium
1168 1867 1328 1933 dictionis.

298 1985 494 2072 Aphaeresis
525 1990 576 2052 est
594 1985 718 2051 ablatio
740 1985 781 2051 de
803 1985 965 2071 principio
988 1983 1140 2051 dictionis
1162 1984 1328 2051 contraria

186 2098 362 2184 prosthesi.

296 2212 443 2298 Syneope
487 2215 537 2276 est
579 2210 702 2276 ablatio
744 2209 784 2275 de
826 2210 936 2276 media
980 2210 1121 2277 dictione
1164 2210 1330 2276 contraria

188 2325 368 2410 epenthesi.

296 2437 448 2523 Apocope
486 2442 536 2503 est
572 2437 695 2503 ablatio
731 2437 771 2503 de
805 2437 870 2502 fine
905 2437 1056 2503 dictionis
1085 2435 1329 2521 prosparalepsi

189 2552 367 2617 contraria.

295 2663 461 2731 Diaeresis
489 2669 539 2731 est
560 2663 709 2730 discissio
736 2663 881 2750 syllabae
903 2664 999 2728 unius
1028 2663 1062 2727 in
1084 2661 1166 2728 duas
1196 2660 1330 2726 divisae.

295 2777 528 2864 Episynaliphe
559 2784 610 2844 est
639 2777 872 2862 conglutinatio
904 2797 962 2842 seu
987 2775 1167 2842 contractio
1191 2774 1328 2840 duarum

190 2889 392 2976 syllabarum
413 2892 448 2956 in
469 2912 568 2957 unam
590 2889 748 2976 syllabam
770 2889 860 2956 facta
882 2889 1048 2955 contraria
1071 2888 1247 2974 synaliphe.

296 3003 473 3088 Eothlipsis
502 3008 552 3069 est
574 3003 709 3069 conlisio
732 3002 893 3087 quaedam
922 3000 1063 3067 difficilis
1086 3022 1126 3067 ac
1148 3000 1231 3066 dura
1253 3021 1328 3065 con-

191 3117 378 3182 sonantium
399 3138 472 3181 cum
498 3114 665 3181 vocalibus
688 3135 804 3199 aspere
828 3113 1098 3180 concurrentium.

295 3227 475 3294 Antithesis
498 3232 548 3292 est
566 3227 698 3292 litterae
722 3227 942 3292 commutatio.

296 3342 489 3408 Metathesis
505 3339 626 3407 dicitur
637 3339 829 3423 translati03
854 3345 904 3407 est
919 3345 1027 3406 autem
1050 3340 1235 3407 litterarum
1248 3340 1329 3406 ordo

191 3460 346 3521 mutatus.

733 3652 786 3720 11.

296 3792 476 3878 [Prothesis
513 3798 564 3859 est
593 3793 726 3876 quidam
757 3795 919 3876 generalis
948 3794 1180 3879 metaplasmus
1209 3794 1265 3878 qui
1290 3794 1329 3859 fit
1366 3795 1369 3799 ’

192 3928 251 3990 per
273 3905 497 3971 adiectionem.

296 4018 494 4102 Apheeresis
525 4019 731 4102 estquidam
755 4018 916 4103 generalis
947 4017 1180 4106 metaplasmus
1213 4019 1269 4105 qui
1291 4019 1329 4089 fit

191 4153 251 4219 per
273 4129 532 4221 detractionem}
