3150 4642
722 227 938 288 ..12-

261 394 322 460 sub
344 395 441 461 titulo
473 395 514 460 de
537 416 704 480 paragoge
726 398 882 477 occurrit,
914 417 1010 480 quem
1041 418 1106 462 non
1136 397 1302 462 Diomedis
1326 418 1399 463 6666

262 507 571 589 demonstravimus,
610 508 748 576 alterum
780 509 868 593 qnod
895 514 1069 595 p.442,10
1094 509 1215 593 legitur
1245 516 1397 595 ‘aquosus

261 620 370 685 Orion’
401 620 587 687 annectitur
609 622 773 706 particula
802 622 929 702 „item“‚
956 643 1054 706 quam
1083 644 1249 707 nunquam
1275 624 1308 688 in
1331 625 1395 689 alio

260 733 409 817 exemplo
431 732 581 799 addendo
601 733 663 799 hoc
684 734 718 799 in
736 735 844 819 capite
859 734 1010 800 adhibuit
1025 734 1216 818 Diomedes3
1241 736 1395 802 6116166-

259 845 389 930 polator
410 844 569 926 adhibuit,
591 846 648 930 qui
669 849 784 927 orlaa
808 867 925 912 novam
947 846 988 912 (16
1008 848 1180 932 aphaerosi
1201 847 1396 934 disputatio·

258 978 333 1023 nem
364 952 509 1043 incipere
539 957 691 1043 opinatus
729 964 788 1025 661.
842 959 967 1040 Quibus
1001 959 1042 1026 ds
1071 961 1179 1026 causis
1207 961 1306 1028 etiam
1333 961 1397 1027 hoo

260 1069 445 1154 exemplum
477 1071 710 1155 interpolatum
740 1093 812 1138 esse
843 1072 1009 1139 concludo,
1054 1075 1103 1139 De
1125 1074 1224 1139 tertio
1247 1074 1395 1159 exemplo

260 1188 377 1263 442,30
398 1183 479 1249 nihil
495 1168 647 1249 'statuere
670 1184 792 1265 ausim,
813 1185 861 1251 ita
881 1190 919 1250 ut
940 1184 1003 1251 hoc
1025 1207 1090 1252 uno
1111 1185 1184 1251 loco
1207 1186 1295 1272 apud
1318 1187 1395 1252 Dio-

259 1294 386 1362 medem
417 1301 451 1362 61
477 1296 643 1362 Donatum
663 1296 846 1381 exemplum
873 1301 994 1379 exstet,
1024 1298 1112 1382 quod
1141 1298 1307 1365 Charisius
1329 1321 1395 1365 non

259 1408 390 1475 habeat,
434 1409 472 1474 In
494 1409 629 1493 reliquis
651 1408 732 1475 locis
754 1431 808 1476 res
828 1410 877 1476 ita
897 1432 932 1476 se
955 1410 1072 1490 habet,
1099 1416 1136 1476 ut
1158 1412 1274 1495 viginti
1295 1412 1396 1478 trium

259 1521 494 1606 exemplorum,
517 1543 603 1606 6666
627 1521 715 1609 apud
737 1523 926 1588 Diomedem
947 1523 1112 1608 legantur,
1142 1524 1284 1590 sedecim
1308 1524 1396 1609 apud

259 1634 440 1700 Charisinm
470 1640 594 1720 septem
635 1634 723 1721 apud
763 1635 927 1702 Donatum
966 1642 1154 1718 recurrant,
1191 1658 1248 1702 sex
1286 1643 1395 1703 autem

258 1747 364 1813 tribus
385 1747 584 1833 artigraphis
606 1748 790 1814 communia
811 1749 885 1814 sint.
930 1749 1087 1830 Quibus
1111 1770 1158 1815 ex
1183 1749 1313 1815 rebus
1335 1750 1394 1815 vi·

259 1859 400 1925 demus
420 1861 534 1927 inter
554 1861 790 1927 Diomedem
821 1867 859 1927 st
880 1861 1115 1928 Gharisium
1137 1862 1280 1928 artius
1303 1882 1393 1928 esse

259 1972 488 2054 vinculum,
509 1994 630 2058 quam
651 1975 768 2039 inter
794 1973 913 2040 illum
935 1980 977 2039 61
998 1976 1212 2041 Β666166.

364 2086 500 2152 Accedit
519 2086 607 2171 quod
636 2086 696 2152 sub
723 2086 829 2153 titulis
856 2085 897 2152 ds
919 2088 1163 2173 prosparalepsi
1190 2087 1290 2152 etde
1319 2110 1390 2172 syn·

259 2220 340 2283 cope
363 2204 397 2264 et
416 2199 504 2283 apud
520 2198 709 2264 Diomedem
733 2199 961 2266 etCharisium
981 2200 1158 2267 subdivisio
1182 2199 1282 2279 deest,
1307 2199 1394 2284 quod

261 2311 359 2376 etiam
393 2312 425 2376 in
463 2311 625 2377 communi
666 2311 836 2377 amborum
867 2312 957 2379 fonte
988 2312 1088 2378 fnisse
1121 2317 1211 2378 recte
1245 2312 1394 2379 conicias,

260 2422 354 2504 Quod
377 2429 488 2489 antem
509 2424 683 2490 Diomedes
703 2425 824 2492 Donati
854 2426 894 2492 do
921 2446 1087 2510 paragoge
1114 2426 1263 2506 titulum,
1296 2447 1395 2509 quam

260 2536 396 2601 eandem
419 2558 490 2602 esse
506 2540 605 2621 atque
617 2537 884 2624 prosparalepsin
906 2560 947 2604 ex
966 2538 1053 2604 illius
1076 2538 1183 2604 verbis
1202 2539 1394 2603 concludere

258 2649 419 2734 potuerit,
449 2671 514 2715 non
544 2650 587 2715 ad
615 2651 807 2735 explendam
835 2651 988 2717 lacunam
1017 2650 1183 2731 adhibuit,
1213 2651 1394 2717 luculenter

259 2761 395 2846 probat,
431 2762 551 2828 Donati
582 2762 704 2828 fontem
740 2763 788 2828 illi
818 2785 882 2829 non
911 2764 945 2828 in
975 2763 1125 2829 manibus
1150 2763 1260 2829 fuisse.
1304 2763 1394 2828 Idem

261 2874 359 2939 etiam
383 2874 424 2940 ds
445 2874 552 2956 titulo,
573 2876 630 2958 661
655 2881 705 2941 661
727 2876 766 2941 (16
790 2896 930 2961 syncopa
953 2874 1112 2942 affirmari
1126 2881 1243 2961 potest,
1265 2898 1337 2941 cum
1360 2876 1394 2938 in

259 2985 380 3051 Donati
410 2986 499 3053 fonte
528 2986 649 3071 ubique
683 2988 918 3055 subdivisiones
951 2989 1024 3055 illas
1061 2988 1161 3054 fuisse
1192 2989 1392 3054 demonstra-

261 3099 370 3163 verim,

363 3214 471 3291 Quare
493 3234 566 3279 cum
595 3215 629 3279 in
658 3214 844 3281 universum
873 3214 954 3280 nihil
983 3236 1054 3281 esse
1083 3214 1306 3299 probaverim,
1337 3235 1394 3278 our

258 3323 425 3390 Diomedis
447 3325 700 3412 disputationem
725 3328 885 3394 eDonati
914 3334 948 3394 et
975 3327 1114 3393 Charisii
1143 3327 1288 3393 fontibus
1319 3348 1394 3392 con-

258 3435 371 3501 flatam
394 3459 464 3504 esse
481 3439 661 3520 credamus,
683 3460 768 3505 nunc
790 3440 824 3505 in
842 3439 986 3524 singulos
1006 3440 1177 3506 nonnullos
1188 3440 1392 3523 inquiramus

257 3547 380 3630 titulos,
404 3550 523 3635 quibus
544 3551 755 3618 Kummrowii
776 3553 938 3618 sententia
960 3553 1021 3617 niti
1042 3573 1138 3637 posse
1160 3551 1299 3618 forsitan
1322 3551 1394 3635 quis

259 3661 418 3745 opinetur.

362 3776 599 3844 Kummrovvius
622 3779 722 3861 igitur
751 3778 917 3844 contendit
940 3778 1160 3844 definitionem
1186 3776 1391 3862 metaplasmi

258 3888 320 3951 toti
352 3890 452 3973 capiti
481 3892 694 3974 praemissam
729 3890 919 3956 Diomedem
953 3913 971 3957 e
1001 3891 1127 3957 dnobus
1156 3891 1394 3956 contaminasse

259 3997 412 4066 fontibus.
457 4005 548 4082 Quae
570 4004 678 4090 opinio
700 4005 734 4069 in
755 4003 824 4070 solo
839 4004 938 4070 verbo
960 4012 1139 4084 ,61666616ί
1159 4004 1284 4083 nititur,
1307 4002 1395 4087 quod

259 4113 347 4196 apud
368 4114 558 4180 Diomedem
588 4117 718 4182 omnino
745 4117 825 4182 ferri
855 4138 919 4182 non
941 4120 1059 4201 potest,
1103 4116 1212 4182 Dictio
1233 4115 1393 4181 transfor·

258 4231 348 4296 mata
370 4229 455 4297 enim
476 4230 543 4294 sivo
565 4229 707 4316 figurata
720 4230 880 4315 appellari
901 4234 1011 4314 potest
1025 4229 1289 4331 transformatio,
1313 4226 1393 4313 quid
