3150 4642
668 257 885 318 ..70-

208 434 378 512 poetarum
407 426 601 491 testimoniis
630 447 737 510 pauca
768 426 993 492 tantummodo
1024 431 1057 490 et
1086 425 1215 508 singula
1243 425 1345 489 verba

209 538 430 624 exemplorum
459 538 531 604 loco
553 539 700 623 posuisse
722 538 876 617 vidimus,
904 538 1010 603 minus
1033 537 1197 616 Diomedi,
1229 544 1267 602 ut
1288 560 1344 602 ex·

207 658 331 717 tremae
355 652 474 717 aetatis
497 650 697 736 artigrapho,
718 650 881 735 placuisse
897 649 1033 728 videtur,
1056 672 1154 733 quarn
1175 650 1244 715 eius
1267 672 1343 714 auc·

206 764 297 843 toria,
320 783 416 847 quem
438 762 513 829 inde
535 785 555 828 a
577 786 608 848 p.
630 768 745 842 453,θὸ
767 767 898 829 secutus
921 768 980 827 est.

311 875 454 941 Primam
474 881 583 942 autem
606 875 772 941 Diomedis
802 874 1037 939 definitionem:
1076 879 1275 940 Soloecismus
1299 888 1345 939 ast

207 999 316 1054 contro
344 994 493 1054 rationem
521 992 651 1053 Romani
678 992 827 1052 sermonis
857 991 1035 1052 disturbans
1063 992 1232 1052 orationem
1253 988 1344 1073 [sub-

206 1099 458 1184 intellegendum
496 1106 546 1166 est
575 1106 677 1166 vitium
706 1098 757 1165 vel
791 1098 981 1183 legendum:
1018 1103 1193 1164 disturbato
1230 1101 1344 1186 orato]

207 1214 322 1279 Scauri
352 1236 422 1279 esse
446 1212 594 1297 quamvis
622 1217 775 1279 accurate
805 1211 1023 1277 demonstrari
1045 1219 1201 1295 nequeat,
1233 1217 1344 1277 tamen

207 1325 382 1392 verisimile
404 1326 453 1405 fit,
477 1326 504 1391 si
527 1324 739 1391 Scaurianam
761 1323 982 1390 definitionem
1002 1329 1171 1408 troporum
1192 1323 1277 1389 hanc
1297 1324 1345 1389 ie·
1375 1392 1380 1399 ,

207 1438 326 1522 gimus:
355 1450 462 1518 tropus
491 1447 536 1502 cst
562 1449 596 1502 at
626 1443 670 1502 ait
691 1442 830 1502 Scaurus
851 1443 958 1501 modus
986 1447 1117 1501 ornatae
1144 1442 1292 1501 orationis
1315 1448 1345 1502 ct

209 1555 301 1615 dictio
323 1557 476 1615 translato
498 1572 525 1615 e.
548 1573 577 1634 q.
602 1570 649 1633 sq.
693 1548 841 1633 Utroque
864 1548 947 1613 enim
971 1546 1043 1614 loco
1065 1549 1248 1631 generalem
1271 1570 1345 1633 spe·

207 1662 300 1728 cialis
325 1661 447 1747 excipit
466 1662 611 1727 definitio
632 1661 796 1746 particula
819 1667 889 1741 „et‘
912 1682 1048 1726 annexa.

311 1776 512 1860 Anonymum
542 1773 681 1857 denique
710 1773 937 1839 Charisianum
968 1795 1134 1858 perpauca
1164 1775 1345 1839 Scauriana

207 1908 353 1952 servasse
384 1909 401 1952 e
430 1885 554 1952 tabella
582 1909 680 1970 quarn
711 1885 823 1951 addidi
848 1886 980 1971 patefit3
1011 1885 1097 1970 apud
1120 1886 1343 1951 Cominiauum

207 2006 316 2064 autem
339 1999 407 2064 fere
429 1998 519 2064 nulia
541 2005 655 2064 extant
677 1999 793 2064 Scauri
815 1999 960 2082 vestigia.
