3150 4642
741 262 955 325 -30-

279 428 497 510 Quintilianco
520 429 687 496 Diomedis
714 436 867 511 auctore,
897 431 916 494 i.
947 452 974 495 6.
1001 452 1021 496 6
1044 431 1184 511 Scauro,
1214 432 1265 497 bis
1292 436 1417 517 (443‚7;

279 542 410 626 45639)
432 541 623 622 Quintiliani
649 562 757 627 pauca
785 542 887 609 uerba
908 543 1037 608 nomine
1062 542 1174 608 addito
1196 543 1416 627 proferuntur.

278 653 372 733 Quod
401 651 555 719 facillime
590 654 667 720 inde
700 655 900 740 explicatur,
940 655 1028 739 quod
1056 655 1199 722 Scaurus
1227 656 1418 736 Quintiliani

277 766 462 851 opinionem
491 766 539 833 ibi
567 767 732 846 attulerit,
760 767 817 833 ubi
838 806 882 817 -
903 767 966 834 hoc
995 774 1105 833 autem
1134 770 1265 853 saepius
1294 767 1417 834 factum

277 899 348 944 esse
371 883 562 945 constat-
585 901 606 945 6
627 879 823 946 Ρ616611616
851 880 907 945 1116
932 878 1128 946 dissentiret
1172 880 1224 946 1111
1247 882 1331 945 enim
1353 881 1418 946 loci

273 992 323 1057 116
345 993 527 1077 comparati
543 996 627 1071 suut,
650 997 688 1057 ut
706 1013 770 1056 non
788 992 890 1058 totius
905 992 1145 1078 disputationis,
1167 993 1224 1059 sed
1241 994 1417 1077 singularis

276 1105 446 1170 cuiusdam
477 1104 636 1189 opinionis
666 1104 719 1170 161
748 1103 946 1171 delinitionis
968 1104 1186 1186 Quintilianus
1215 1112 1331 1171 auctor
1360 1127 1418 1171 no·

275 1217 425 1283 minetur.

385 1328 510 1395 Deinde
541 1330 574 1394 in
606 1330 723 1414 capitis
750 1328 901 1396 devitiis
929 1331 1039 1416 priore
1068 1335 1164 1416 parte
1194 1352 1235 1396 ex
1264 1331 1305 1396 iis
1333 1352 1419 1414 quae

278 1462 351 1508 oum
374 1442 495 1507 Donati
524 1441 576 1507 161
604 1441 743 1508 Charisii
771 1442 880 1508 verbis
910 1449 1109 1526 congruunt,
1138 1464 1212 1508 cum
1241 1445 1417 1509 maximam

274 1560 403 1639 partem
426 1575 467 1619 ex
489 1554 619 1620 illorum
642 1554 787 1621 fontibus
810 1554 984 1640 desumpta
1002 1555 1183 1636 videantur,
1205 1561 1314 1621 tamen
1337 1577 1418 1621 non-

275 1665 365 1732 nulla
386 1666 615 1752 interpolatori
635 1666 811 1733 tribuenda
832 1674 917 1734 sunt.

380 1781 432 1845 Ita
465 1778 684 1864 amphiboliae
718 1779 899 1845 definitioni
931 1801 948 1845 6
980 1780 1095 1846 Scauri
1123 1786 1194 1845 6116
1224 1779 1417 1863 desumptae

274 1892 464 1975 adiungitur
481 1891 664 1975 exemplum
679 1897 750 1969 (uio
774 1897 814 1956 dc
825 1897 963 1958 Aeacide
978 1896 1131 1958 Romanos
1153 1898 1277 1957 uinum
1293 1901 1416 1971 posse),

275 2002 363 2088 quod
393 2024 592 2088 quamquam
620 2003 708 2088 apud
731 2003 914 2070 Charisium
944 2007 1088 2090 (alluo)
1117 2006 1273 2084 recurrit,
1305 2010 1413 2069 tamen

273 2116 370 2200 longe
392 2115 465 2182 aliis
483 2121 624 2200 utroque
639 2115 712 2182 loco
728 2117 912 2201 explicatur
934 2118 1059 2199 verbis3
1083 2136 1185 2200 quare
1207 2138 1271 2181 non
1294 2116 1415 2181 60116-

274 2229 345 2295 11611
368 2228 458 2294 fonte
483 2227 690 2314 desumptum
717 2226 775 2294 sed
798 2230 896 2294 etiam
916 2229 951 2294 in
974 2229 1090 2295 Scauri
1112 2235 1183 2295 arte
1206 2229 1305 2294 fuisse
1328 2229 1415 2294 vide·

275 2347 331 2407 tur
353 2342 519 2426 scriptum.
565 2341 713 2407 Alterum
743 2347 853 2407 autem
877 2342 1060 2426 exemplum
1084 2344 1218 2426 eiusque
1241 2341 1414 2425 explicatio

273 2459 378 2532 (item.-
402 2464 519 2519 cerium
543 2464 589 2518 est
607 2458 768 2519 Antonium
793 2474 819 2518 e.
843 2476 870 2533 q.
891 2462 938 2533 s.)
958 2454 1186 2539 interpolatori
1208 2453 1335 2518 uidetur
1357 2453 1415 2516 tri·

276 2565 442 2632 buendum
460 2571 595 2650 propter
612 2572 683 2630 item
704 2567 909 2651 particulam.
955 2568 1045 2646 Quae
1066 2568 1099 2632 in
1117 2566 1213 2631 titulo
1234 2566 1273 2630 de
1290 2564 1415 2648 amphi-

275 2678 364 2744 bolia
389 2678 516 2744 duobus
551 2683 684 2762 praeter
712 2678 800 2743 huuc
828 2679 935 2745 locum
965 2679 1086 2762 legitur
1117 2701 1190 2744 cum
1213 2678 1342 2742 Donato
1372 2677 1416 2741 ad

274 2790 409 2855 verbum
447 2789 517 2857 fere
549 2790 821 2875 congruentibus:
852 2799 890 2869 fit
928 2797 999 2856 item
1029 2813 1092 2871 per
1121 2795 1289 2856 communia
1321 2792 1416 2854 66116

275 2904 437 2987 (4511,10);
466 2909 537 2968 item
561 2903 1099 2989 11116111611661166661(450,13).
1144 2902 1291 2985 Denique
1315 2901 1415 2966 etiam

275 3015 393 3081 uerba:
414 3023 470 3094 ,fit
485 3025 657 3096 practerea
667 3021 814 3095 plurimis
828 3022 934 3093 modis,
956 3038 1032 3096 quos
1044 3036 1239 3096 percurrere
1251 3035 1362 3089 omnes,
1376 3035 1417 3076 ne

275 3133 364 3193 nimis
393 3135 516 3210 Ionpnm
554 3133 610 3208 sii,
648 3149 709 3193 non
740 3138 882 3208 61661161ί
912 3128 1120 3193 vehementer
1154 3128 1234 3192 mihi
1263 3129 1416 3209 suspecta

276 3245 367 3321 sunt,
399 3261 597 3324 quamquam
626 3242 653 3306 si
686 3240 887 3324 quisdicat,
917 3240 1000 3305 haec
1029 3239 1130 3305 verba
1152 3239 1216 3304 iam
1239 3239 1272 3302 in
1295 3238 1416 3302 Donati

276 3352 366 3417 fonte
390 3352 547 3433 existisse,
570 3353 656 3418 unde
678 3374 718 3418 ca
738 3352 912 3419 Diomedes
933 3352 1152 3436 descripserit,
1175 3373 1248 3416 euru
1270 3350 1415 3415 refutare

274 3486 339 3529 uon
356 3486 498 3549 possum.
543 3466 586 3530 At
599 3466 763 3530 Donatum
786 3465 916 3549 saepius
932 3464 1082 3530 audimus
1104 3463 1262 3529 dicentem
1285 3484 1320 3527 se
1343 3461 1424 3551 fon-N

275 3583 342 3643 tem
365 3578 512 3642 suumin
535 3576 666 3643 brevius
689 3577 916 3657 redacturum,
946 3577 1034 3660 quod
1057 3576 1181 3642 factum
1202 3597 1286 3655 esse,
1309 3574 1414 3640 brevi·

274 3696 344 3756 tate
374 3690 456 3755 artis
483 3690 553 3754 eius
588 3690 757 3774 probatur.
809 3690 905 3774 Apud
934 3690 1124 3755 Diomedem
1159 3694 1267 3754 autem
1299 3686 1413 3752 similis

275 3801 444 3867 annotatio
466 3802 630 3867 invenitur
649 3808 761 3885 453,5:
783 3808 957 3868 1166661116
974 3807 1153 3883 praelocuti
1175 3805 1413 3865 controversiam

276 3922 314 3981 de
344 3920 465 3978 nominc
488 3919 705 3994 pertinacitas
734 3920 944 3994 relinquimus.
998 3916 1089 3994 Quae
1119 3914 1233 3979 eadem
1261 3912 1413 3996 leguntur

275 4027 364 4112 apud
393 4027 556 4092 Donatum
586 4049 616 4111 p.
643 4032 736 4109 393,3
767 4028 962 4111 integriora:
992 4031 1309 4091 166611661611666
1340 4029 1413 4088 vitiu

273 4145 448 4218 praelocuti
471 4145 710 4205 controversiam
734 4161 760 4204 c.
785 4162 813 4219 q.
838 4164 862 4205 s.
908 4141 952 4204 At
981 4161 1054 4203 curu
1083 4138 1171 4222 apud
1194 4138 1357 4202 Donatum
1380 4137 1414 4199 in

274 4249 339 4313 fine
369 4252 470 4315 totius
498 4251 615 4334 capitis
646 4253 755 4335 posita
785 4253 865 4330 sint,
893 4273 998 4333 neque
1027 4271 1141 4315 revera
1170 4250 1350 4332 quidquam
1372 4248 1412 4312 de
1457 4342 1464 4361 ι
