3150 4642
706 241 923 304 ..10-

349 411 544 496 Epentbesis
567 416 618 476 est
634 411 806 496 appositio,
829 432 902 476 curn
920 411 1007 476 inter
1025 411 1164 495 primam
1183 416 1217 477 et
1235 411 1384 477 ultimam

247 524 406 610 syllabam
429 529 487 590 aut
507 523 620 590 littera
642 523 783 590 adicitur
806 529 864 590 aut
886 514 1021 610 syllaba.

352 637 616 722 Prosperalepsis
641 642 692 703 est
713 636 899 724 (appositio)
928 657 1001 702 cum
1032 636 1156 721 aliquid
1184 637 1227 703 ad
1249 638 1377 703 novissi·

247 772 334 817 mam
356 755 485 835 partem
507 750 658 816 dictionis
682 749 818 815 accedit.

350 863 479 929 Ectasis
507 868 558 929 est
587 862 734 928 extensio
765 861 926 947 syllabae,
956 883 1041 946 quae
1069 862 1108 928 fit
1136 884 1209 929 cum
1233 868 1385 947 correpta

247 975 373 1064 syllaba
396 981 510 1042 contra
532 975 693 1041 rationem
717 996 777 1059 per
798 974 964 1040 licentiam
986 974 1188 1059 producitur.
1327 968 1329 971 ’

349 1087 477 1174 Systole
508 1094 558 1154 661
579 1087 743 1172 correptio
765 1088 932 1153 contraria
961 1089 1072 1154 ectasi.
1103 1087 1142 1154 fit
1171 1093 1281 1155 autom
1305 1110 1378 1155 cum

243 1202 343 1285 longa
366 1200 493 1286 syllaba
515 1206 630 1267 contra
658 1201 819 1267 rationem
848 1200 1024 1285 corripitur
1055 1201 1166 1285 aliqua
1187 1202 1383 1271 necessitate

245 1319 388 1398 cogente.

350 1426 525 1512 Synalipbe
554 1432 604 1492 est
632 1426 740 1507 elisio,
781 1447 866 1511 quae
894 1425 933 1492 fit
962 1448 1035 1493 cum
1065 1426 1204 1492 duarum
1232 1429 1318 1492 inter
1347 1447 1383 1492 se

245 1539 507 1606 concurrentium
527 1539 686 1605 vocalium
709 1539 814 1605 altera
837 1537 977 1605 eliditur.
1002 1577 1044 1588 -

184 1633 187 1639 ¹
347 1651 441 1717 Hauc
458 1673 565 1718 meam
585 1651 741 1718 tabellam
764 1673 784 1717 a
805 1651 1015 1718 Kummrovii
1036 1653 1081 1738 (p.
1107 1657 1145 1718 16
1169 1657 1203 1718 61
1225 1655 1279 1736 17)
1301 1672 1382 1718 non·

245 1764 342 1830 nullis
360 1764 442 1830 locis
462 1764 615 1831 recedere
641 1770 787 1850 apparet.

345 1877 489 1943 Primum
521 1878 605 1942 enim
638 1877 699 1943 sub
720 1876 817 1943 titulo
847 1876 887 1944 (16
910 1878 1083 1963 aphaeresi
1107 1864 1210 1943 etde
1234 1899 1379 1963 apocope

242 1990 352 2070 verba,
370 2011 436 2055 cam
449 1982 1001 2073 (1111111166(1666111666616611616
1014 2013 1079 2056 non
1095 1990 1264 2075 adscripsi.
1293 1992 1383 2055 Haec

242 2103 480 2168 Kummrowius
516 2108 632 2188 postea
661 2102 775 2169 addita
805 2124 876 2169 esse
904 2108 1023 2169 censet.
1069 2104 1221 2169 Attamen
1251 2104 1380 2168 omnino

242 2214 372 2280 nonad
395 2208 614 2281 definitionem
645 2217 751 2300 ipsam
772 2217 952 2300 pertinent,
984 2215 1042 2281 sed
1065 2215 1107 2281 ad
1130 2215 1382 2281 subdivisionem

242 2328 466 2413 metaplasmi,
497 2328 545 2393 ita
574 2333 612 2394 ut
638 2327 733 2394 nobis
764 2328 805 2394 (16
832 2327 1056 2394 definitionum
1078 2327 1184 2394 forma
1207 2329 1379 2412 agentibus

243 2441 440 2506 removenda
463 2441 536 2506 sint.

347 2553 451 2619 Aliter
466 2559 575 2620 autem
597 2575 650 2620 res
671 2575 706 2619 se
723 2553 826 2619 habet
838 2553 899 2619 sub
922 2555 970 2620 tit.
994 2553 1035 2620 (16
1058 2554 1187 2640 systole,
1210 2554 1267 2618 ubi
1281 2553 1381 2620 verba

241 2674 278 2745 fit
298 2677 399 2732 cutem
419 2688 486 2732 com
509 2687 578 2750 eq.
593 2688 627 2747 s,
650 2666 692 2732 ad
714 2667 820 2751 ipsam
841 2664 1061 2731 definitionem
1085 2666 1273 2746 attinentia,
1295 2666 1380 2730 banc

158 2855 160 2860 .
243 2779 340 2844 alteri
360 2780 465 2860 seriei,
488 2779 579 2844 cuius
600 2784 650 2845 661
663 2775 832 2864 proprium
848 2777 929 2843 illud
952 2785 1074 2860 „cum“,
1097 2779 1375 2845 adnumerandam

243 2913 314 2958 esse
337 2891 570 2957 demonstrant.

346 3005 426 3070 Tum
449 3003 492 3069 ad
513 3005 656 3089 priorem
678 3005 795 3070 seriem
818 3004 1055 3070 adscribendae
1078 3010 1154 3070 sunt
1176 3004 1379 3070 definitiones

243 3117 444 3183 antitheseos
467 3123 501 3184 et
521 3117 758 3198 metatheseos,
782 3138 865 3201 quas
887 3139 945 3183 cur
967 3119 1206 3183 Knmmrowius
1230 3117 1378 3202 neglexe-

244 3230 297 3307 rit,
324 3230 476 3314 detegere
499 3230 579 3295 mibi
602 3251 667 3295 non
690 3230 834 3314 contigit.

346 3343 472 3408 Deinde
494 3342 537 3407 ad
560 3341 698 3408 alteram
720 3344 838 3408 seriem
853 3342 1025 3408 referenda
1048 3342 1218 3407 est'etiam
1236 3341 1380 3407 definitio

246 3455 433 3542 synalipbes
456 3455 513 3521 ubi
544 3455 646 3521 verba
667 3477 770 3536 „quoe
788 3464 824 3530 tit
846 3477 913 3520 cam
937 3465 1006 3519 ...“
1029 3453 1071 3519 ad
1093 3455 1198 3540 ipsam
1221 3454 1381 3521 definitio·

247 3589 321 3633 nem
343 3567 575 3653 perficiendam
600 3569 796 3653 pertineant.

352 3681 438 3746 Huic
470 3681 609 3765 denique
640 3680 832 3746 inserendae
866 3680 1017 3745 videntur
1054 3678 1259 3745 definitiones
1289 3700 1381 3764 pros·

242 3793 373 3860 theseos
396 3799 430 3859 et
450 3794 669 3879 aphaereseos
700 3791 885 3876 generales,
914 3792 1001 3876 quod
1034 3793 1132 3858 etiam
1160 3793 1193 3855 in
1215 3791 1266 3857 his
1289 3791 1380 3856 diffe-

242 3908 349 3972 rentia
365 3905 518 3991 specifica
539 3927 604 3972 non
627 3906 765 3991 simplici
786 3905 991 3970 substantivo
1011 3904 1069 3970 sed
1083 3904 1221 3970 relativo
1239 3924 1380 3989 pronun·

243 4019 325 4084 tiato
350 4019 524 4085 adduntur.

348 4133 439 4210 Quae
460 4132 487 4197 si
509 4136 598 4196 recte
620 4130 783 4216 disputavi
801 4130 1012 4196 Kummrowii
1028 4131 1191 4195 sententia
1213 4134 1381 4214 prostrata

242 4243 338 4312 iacet.
384 4243 468 4308 Nam
494 4244 634 4328 primum
666 4243 747 4309 nihil
777 4243 860 4309 duos
883 4244 971 4328 apud
993 4242 1182 4308 Diomedem
1206 4241 1379 4308 16616616-
