3150 4642
663 251 878 310 ..49-

372 419 579 484 Diomedes.

245 529 452 613 Amphibolia
482 538 532 596 ost
555 533 632 596 vitio
657 553 741 595 oom-

200 643 370 726 positionis
401 643 433 707 in
461 643 613 726 ambiguo
637 646 743 728 posita

201 757 371 836 sententia,
394 762 430 821 ut

201 874 251 932 oto
275 880 305 931 te
325 874 462 933 Aeacida
488 874 641 933 Romanos
663 891 688 935 o.
708 892 741 949 p.

201 982 300 1045 item

213 1104 329 1157 certum
351 1104 396 1157 est
418 1098 579 1158 Antonium
598 1116 630 1173 p.
649 1117 674 1159 e.
697 1098 727 1160 0.

200 1205 234 1269 hi
258 1206 342 1270 anim
365 1205 429 1271 duo
450 1228 564 1271 sensus
582 1208 660 1272 vitio
675 1229 741 1271 am-

201 1318 372 1401 biguitatis
396 1325 508 1384 carent
530 1320 742 1404 proprietate,

202 1451 274 1495 cum
297 1432 340 1495 sit
361 1432 519 1496 inoortum
544 1483 631 1498 .....

202 1543 350 1609 similiter
395 1544 437 1608 ab
475 1547 615 1609 Antonio
659 1548 743 1611 viuoi

201 1656 351 1721 Crassum
377 1704 461 1721 .....

305 1884 343 1947 fit
362 1892 395 1949 et
416 1906 476 1968 por
495 1884 743 1971 homonymiam,

202 2003 238 2061 ut
261 2018 334 2061 oum
357 1997 493 2062 dicimus
515 2004 647 2064 taurum

279 2249 282 2255 ·
304 2220 342 2286 fit
363 2210 462 2288 itam
486 2245 544 2307 por
561 2226 745 2288 communia

190 2335 301 2423 ⁸verba
315 2341 364 2400 ut:
380 2336 559 2400 vadaturiu
570 2337 641 2402 foro
654 2337 743 2416 Cato,

201 2448 392 2514 criminatur
435 2449 556 2514 Cicero.
609 2449 743 2514 dubium

202 2565 252 2624 est
274 2561 358 2625 enim
384 2611 469 2625 .....

296 2788 402 2851 item
425 2785 462 2850 fit
481 2809 541 2870 por
564 2788 743 2852 distinotio-

201 2921 292 2978 uam,
326 2905 363 2963 ut
405 2899 470 2964 vidi
511 2906 653 2965 statuam
687 2918 746 2966 au*

202 3032 314 3076 ream*
316 3061 401 3076 .....
474 3034 479 3041 ·

305 3237 342 3300 fit
385 3243 575 3320 praeterea·
596 3236 744 3322 plurimis

203 3349 323 3428 modis,
353 3370 434 3431 quos
462 3371 654 3433 percurrero
678 3372 743 3415 om-

202 3482 259 3525 nes
282 3482 323 3525 uo
345 3462 440 3525 nimis
462 3462 594 3544 longum
617 3464 744 3528 sitnon

202 3580 339 3657 oportet.

963 417 1171 483 Charisius.

840 527 1047 613 Amphibolia
1069 535 1118 592 est
1141 528 1241 594 dictio
1264 550 1335 593 seu·

795 641 938 706 teutiave
953 639 1071 706 dubiae
1091 640 1338 723 significationis

900 2221 1000 2288 dictio
1030 2229 1082 2288 ut:
1117 2218 1255 2289 vadatur
1289 2222 1339 2288 Ci—

798 2356 881 2413 oero,
898 2336 1059 2400 sententia
1073 2342 1125 2400 ut:
1147 2337 1199 2400 aio
1215 2342 1247 2400 te
1265 2337 1339 2401 Aia·

798 2447 871 2511 aida
901 2448 936 2512 R.
954 2470 981 2512 v.
997 2471 1027 2532 p.
1066 2448 1219 2530 ambigua
1254 2451 1340 2513 onim

797 2580 868 2623 sors
890 2559 952 2624 fuit
976 2610 1062 2623 .....

901 3671 938 3736 fit
961 3673 1137 3756 aliquando
1165 3674 1252 3738 etin
1276 3693 1340 3737 uno

798 3784 897 3848 verbo
922 3835 1008 3850 .....
