3150 4642
286 978 508 1048 Grammatico
528 976 632 1046 latina
647 973 809 1065 quomodo
826 988 1010 1064 temporum
1025 970 1165 1046 decursu
1187 968 1317 1046 exculta

192 1102 281 1181 itque
302 1099 400 1160 aucta
421 1096 464 1160 sit
487 1095 543 1178 qui
565 1095 811 1178 quaesiverunt,
833 1095 982 1177 inprimis
1004 1094 1038 1158 in
1061 1093 1246 1159 Charisii
1268 1095 1316 1158 in-

188 1210 367 1275 stitutiones
396 1208 627 1291 grammaticas
657 1228 791 1292 operam
818 1200 1047 1291 impenderunt
1076 1212 1114 1272 ut
1141 1207 1316 1291 inquibus

184 1324 303 1407 optimo
319 1321 427 1386 fontes
449 1320 589 1386 discerni
609 1322 744 1404 possint,
767 1319 983 1385 Diomedis
1007 1326 1116 1385 autem
1136 1319 1239 1385 libros
1261 1342 1317 1385 ne·
1436 1342 1438 1349 ⁴

180 1436 370 1520 glexerunt,
415 1434 467 1499 oui
502 1434 655 1518 scriptori
695 1433 805 1499 nescio
846 1455 888 1497 an
931 1432 1114 1498 christii
1156 1433 1318 1498 sententia

180 1569 267 1614 anno
290 1547 387 1612 huius
409 1546 532 1611 saeculi
561 1547 762 1629 sexagesimo
794 1546 898 1610 altero
924 1545 1055 1629 prolata
1077 1544 1189 1610 fatalis
1210 1544 1318 1625 fuerit,

178 1661 236 1744 qui
260 1682 300 1725 ex
315 1659 540 1743 disquisitione
563 1657 603 1723 de
625 1658 791 1724 Diomedis
814 1657 960 1723 fontibus
981 1657 1097 1722 habita
1117 1657 1207 1722 haud
1227 1679 1317 1741 mag-

178 1796 259 1839 num
291 1773 541 1838 emolumentum
582 1771 676 1836 nobis
710 1770 857 1836 futurum
887 1791 958 1836 esse
997 1771 1130 1836 censuit.
1188 1769 1316 1854 (Philol.

179 1887 291 1953 XVIII
311 1908 343 1970 p.
368 1890 429 1951 128
442 1886 536 1970 sqq).

287 1997 351 2064 Sed
365 1998 466 2063 talem
481 1996 741 2080 disquisitionem
753 1996 857 2079 pluris
870 1996 992 2061 habere
1016 1996 1050 2059 in
1068 2016 1200 2061 recessu
1221 2017 1319 2079 quam

178 2112 290 2177 fronte
310 2110 491 2195 promittat,
515 2131 532 2174 c
553 2109 818 2174 Kummrowii
841 2109 1069 2174 dissertatione
1087 2110 1176 2191 ‘quac
1205 2108 1319 2173 inscri-

179 2225 287 2291 bitur:
310 2222 464 2308 Symbola
487 2222 602 2287 critica
623 2220 665 2286 ad
688 2222 919 2305 grammaticos
943 2220 1062 2285 latinos
1084 2220 1319 2306 (Gryphiswal-

181 2337 257 2402 diae
282 2337 378 2420 1880)
407 2335 488 2400 satis
514 2354 676 2418 superque
706 2333 821 2398 elucet.
866 2332 949 2398 Nam
977 2334 1124 2417 quamvis
1155 2333 1265 2398 multis
1287 2334 1320 2397 in

181 2449 282 2515 rebus
303 2446 523 2512 Kummrowio
545 2467 610 2511 non
637 2447 814 2526 assentiar,
846 2451 956 2511 tamen
983 2446 1047 2510 hac
1073 2447 1106 2511 in
1128 2466 1164 2510 re
1185 2466 1320 2529 prorsus

182 2584 259 2627 cum
293 2581 331 2625 eo
361 2559 464 2639 facio,
498 2558 585 2643 quod
622 2579 643 2622 e
664 2558 832 2624 Diomedis
865 2563 936 2624 arte
971 2558 1087 2623 Scauri
1116 2557 1321 2640 grammatici

181 2675 370 2757 fragmenta
392 2671 546 2737 facillimo
567 2672 638 2737 erui
655 2675 751 2755 posse
774 2671 933 2751 existimo.
978 2671 1086 2749 Quare
1106 2670 1321 2753 inquisiturus

183 2809 257 2852 sum
286 2786 320 2849 in
352 2806 425 2850 eam
445 2784 611 2849 Diomedis
643 2783 778 2849 secundi
806 2782 883 2848 libri
910 2787 1055 2868 partem,
1086 2803 1170 2866 quae
1199 2781 1274 2847 inde
1301 2803 1321 2846 a

182 2920 259 2984 pag.
283 2903 356 2978 439,
381 2903 421 2962 14
442 2897 566 2982 incipit,
591 2896 711 2981 quippe
734 2917 819 2980 quae
841 2895 1040 2980 singularem
1062 2894 1226 2978 quandam
1249 2916 1321 2979 spe-

185 3014 268 3078 ciem
305 3031 385 3095 prae
422 3031 457 3077 se
493 3009 581 3075 ferat
615 3009 782 3092 multaque
821 3007 996 3092 praebeat,
1031 3028 1115 3091 quae
1148 3007 1322 3073 Diomedes

185 3125 275 3190 solus
299 3123 440 3190 exhibet.

186 3383 286 3472 Oap.
310 3384 339 3454 Ι.
382 3379 435 3446 Dc
457 3379 641 3446 Diomedis
664 3379 782 3462 capite
806 3378 900 3460 quod
921 3378 977 3444 cst
1000 3378 1042 3444 do
1064 3377 1322 3462 metaplasmia

291 3567 308 3651 ξ
333 3570 360 3629 1.
403 3564 640 3653 Kummrowius
661 3564 789 3649 paginis
805 3570 910 3630 5-19
929 3563 1078 3647 explicat,
1111 3584 1214 3648 „quae
1237 3565 1322 3629 ratio

169 3677 370 3743 ⁴intercedat
391 3678 476 3743 inter
499 3678 689 3743 Diomedem
712 3681 745 3742 et
767 3675 950 3742 Charisium
970 3675 1134 3740 Donatum
1165 3675 1323 3741 Sacerdo-

186 3796 263 3868 tem,
287 3790 403 3856 deinde
425 3791 569 3856 breviter
586 3789 727 3874 exponit,
751 3810 817 3873 qua
838 3789 966 3853 ratione
987 3789 1022 3851 in
1043 3787 1137 3853 libris
1152 3793 1323 3853 auctorum

188 3922 321 3968 suorum
353 3903 574 3969 exscribendis
609 3924 688 3968 usus
724 3903 767 3967 sit
801 3899 995 3966 Diomedest‘
1048 3899 1181 3965 Censuit
1214 3904 1324 3965 autem

189 4013 398 4094 „Diomedem
432 4016 645 4100 complurium
685 4014 972 4098 grammaticorum
1001 4013 1250 4077 commentarios
1290 4013 1324 4077 in

188 4147 289 4192 unum
313 4129 407 4212 quasi
431 4149 550 4213 corpus
572 4128 748 4208 conflasse,
777 4146 883 4210 neque
905 4131 943 4190 ut
966 4124 1149 4190 Charisium
1171 4124 1324 4211 deinceps

190 4259 246 4304 eos
269 4240 499 4323 exscripsisse“
520 4241 564 4325 (p.
585 4241 647 4325 11).
692 4237 817 4317 Quibus
839 4238 937 4304 rebus
965 4237 1148 4303 constitutis
1172 4238 1213 4303 ad
1237 4241 1324 4323 capi·

659 4424 895 4518 etrele
1070 4343 1108 4392 l*
