3150 4642
664 244 881 306 ..36-

203 410 426 491 transtulisse,
464 431 582 477 novum
621 417 731 478 autem
765 411 814 477 illi
854 410 1028 477 addidisse.
1083 412 1155 492 Qua
1190 431 1227 476 re
1266 432 1341 474 con·

204 525 321 590 stituta
341 523 486 591 videmus
508 523 673 589 Donatum
695 545 715 589 a
735 523 923 589 Cominiauo
944 525 1047 588 multo
1068 524 1204 608 propius
1226 521 1341 588 abesse

205 658 302 722 quam
324 635 523 703 Diomedem.

306 750 377 816 Iam
383 749 693 834 videamusreliqua.
702 748 812 815 Primo
824 753 1241 834 autemeapersorutcmnr‚
1257 768 1341 832 quae

205 863 293 949 apud
300 860 490 930 Diomedem
500 861 872 946 452‚23-291eguntur.
894 859 1343 945 Haeoaliampraeseferunt

204 976 346 1061 speciem
358 980 457 1059 atque
466 975 571 1040 maior
584 996 662 1060 pars
677 974 804 1059 capitis.
832 974 1001 1058 Nusquam
1016 973 1101 1039 enim
1110 979 1244 1058 praetor
1254 973 1343 1038 hunc

202 1088 310 1154 locum
326 1087 523 1154 discernitur
537 1088 765 1172 interminae,
779 1087 916 1168 mediae,
932 1086 1126 1153 novissimae
1141 1085 1246 1171 partis
1255 1083 1342 1150 vocis

205 1200 441 1267 detractionem
467 1205 501 1265 et
521 1199 745 1267 adiectionem.
791 1199 936 1266 Similem
968 1205 1077 1265 autem
1100 1197 1267 1265 divisionis
1290 1218 1342 1263 ra·

204 1314 326 1380 tionem
354 1314 420 1379 iam
452 1333 473 1378 a
495 1312 619 1379 Scauro
649 1312 683 1378 in
711 1312 820 1397 capite
847 1312 887 1378 de
915 1310 1138 1397 metaplasmis
1161 1310 1343 1379 adhibitam

202 1427 392 1492 invenimus.
435 1424 561 1492 Deinde
589 1425 679 1492 aliud
701 1425 830 1492 accedit
851 1430 1091 1510 argumentum,
1122 1446 1187 1509 quo
1210 1423 1344 1492 adducti

204 1559 317 1605 versus
339 1543 467 1605 23-29
498 1538 615 1624 cepitis
645 1539 685 1604 de
707 1539 931 1623 metaplasmis
953 1537 1095 1619 auctori,
1125 1537 1146 1603 i
1169 1557 1196 1603 e.
1220 1537 1344 1603 Scauro

203 1651 396 1718 tribuamus.
449 1650 597 1735 Utroque
626 1651 711 1718 enim
739 1650 813 1717 loco
843 1671 982 1736 graecae
1011 1650 1264 1741 significationes
1286 1649 1344 1714 ad·

204 1763 375 1845 hibentur,
413 1761 501 1848 quod
536 1764 571 1830 in
602 1762 785 1830 tractandis
821 1763 1037 1830 barbarismis
1073 1763 1211 1830 aliorum
1249 1782 1344 1828 nemo

205 1877 508 1961 grammaticorum,
539 1875 712 1942 Diomedes
740 1882 874 1961 praeter
904 1876 991 1943 huno
1016 1877 1125 1943 locum
1148 1876 1247 1942 etism
1271 1879 1343 1954 452,

206 1994 246 2056 28
276 1995 309 2055 et
329 1994 422 2070 453‚l
455 1990 535 2055 facit
559 1990 646 2074 (ride
676 1988 763 2055 intra
794 1990 1053 2075 annotationem)
1071 1993 1093 2075 ).
1146 1989 1235 2069 Quos
1263 1987 1345 2054 duos

205 2102 295 2169 locos
318 2102 442 2168 Scauro
464 2100 655 2169 tribuendos
672 2123 743 2169 csse
764 2108 912 2188 apparet.
957 2101 1041 2168 Nam
1065 2121 1149 2186 quae
1173 2101 1213 2167 de
1235 2100 1344 2186 paral·

206 2214 281 2298 lege
302 2215 370 2280 sive
392 2214 572 2281 mutatione
587 2215 717 2281 litterae
728 2215 856 2301 profert
877 2216 977 2282 etiam
996 2214 1154 2298 exemplo,
1177 2213 1265 2297 quod
1288 2211 1345 2277 ad·

205 2326 314 2407 hibet,
351 2349 371 2392 a
398 2327 586 2393 Geminiano
617 2333 651 2393 et
680 2328 811 2394 Donato
841 2326 1013 2409 differunt3
1051 2347 1135 2411 quae
1163 2332 1274 2392 autem
1304 2325 1344 2390 de

206 2438 356 2524 ecthlipsi
374 2445 467 2521 453st
492 2439 646 2523 leguntur
659 2438 746 2507 idem
766 2446 922 2521 tractant,
947 2438 1035 2524 quod
1051 2444 1149 2506 antea
1166 2437 1226 2505 sub
1248 2438 1344 2504 titulo

206 2549 247 2616 de
266 2551 469 2618 detractione
486 2552 618 2619 litterae
631 2554 791 2638 exposuit,
812 2553 899 2619 unde
912 2553 994 2619 duos
1015 2574 1088 2619 eum
1112 2557 1260 2618 secutum
1274 2571 1344 2617 esse

206 2662 312 2730 fontes
334 2665 544 2750 intellegitur.

312 2777 372 2842 Est
397 2784 571 2862 praeterea
600 2778 666 2845 alia
694 2778 856 2862 quaedem
879 2778 1080 2858 observatio,
1110 2798 1176 2862 qua
1208 2776 1346 2842 multum

206 2883 408 2955 lucrabimur
429 2911 494 2955 non
515 2896 583 2957 tam
606 2891 650 2956 ad
672 2889 903 2957 discernendos
926 2890 1093 2957 Diomedis
1119 2887 1225 2955 fontes
1247 2910 1345 2973 quam

207 3001 249 3066 ad
271 3001 390 3068 indolis
418 3024 460 3068 ao
479 3008 618 3070 naturae
640 3002 857 3070 differentiam
880 3002 1114 3083 definiendam,
1144 3023 1229 3086 quae
1260 3003 1346 3068 inter

205 3114 350 3197 priorum
374 3121 407 3182 et
425 3117 643 3201 posteriorum
664 3116 888 3184 technicorum
905 3114 945 3183 de
959 3115 1166 3182 barbarismo
1190 3121 1223 3180 ot
1245 3115 1346 3180 soloe-

207 3212 307 3294 cisiuo
330 3228 568 3314 disputationes
592 3229 731 3296 intersit.

310 3340 394 3408 Nam
417 3341 473 3424 qui
491 3341 593 3427 verba
607 3347 641 3407 et
659 3341 750 3427 apud
760 3341 985 3408 Cominianum
1007 3347 1041 3407 et
1056 3341 1145 3426 apud
1158 3331 1347 3406 Diomedem

207 3453 389 3519 exstantia:
429 3460 509 3532 ‚scd
536 3460 594 3525 boc
620 3459 723 3520 uitium
760 3459 793 3518 iu
821 3461 922 3520 soluto
952 3460 1092 3519 oratioue
1120 3475 1228 3519 nomeu
1260 3475 1347 3517 suum

207 3571 337 3643 retinet,
360 3575 494 3632 ceterum
516 3572 604 3647 opud
619 3577 731 3647 poetas
753 3574 968 3647 metaplasmus
990 3577 1133 3644 uocatur,
1154 3572 1347 3632 soloecismus

207 3684 459 3744 catecuminorum
468 3679 593 3763 legerit,
611 3680 639 3745 is
647 3680 719 3746 iure
728 3679 903 3745 mirabitur
911 3679 1061 3764 exempla
1067 3679 1347 3746 barbarismorum

208 3796 242 3856 ct
265 3791 530 3858 soloecismorum
552 3792 661 3858 omnia
688 3792 757 3859 fere
785 3814 803 3858 e
829 3797 1002 3879 poetarum
1024 3791 1222 3859 carminibus
1244 3792 1348 3877 petita

312 4000 337 4064 l)
363 4014 477 4068 graecas
507 3999 647 4057 adhibitas
678 4016 739 4056 esse
770 3999 987 4070 significationes
1018 4017 1036 4054 s
1066 3999 1208 4071 prioribus
1233 4000 1348 4068 artigra-

207 4083 270 4152 phis
288 4085 343 4139 iam
360 4085 424 4141 inde
442 4085 590 4141 verisimile
614 4093 671 4157 est,
698 4088 771 4159 quod
798 4090 850 4142 has
868 4087 936 4143 artis
952 4093 1048 4157 partes
1066 4101 1082 4140 e
1099 4086 1206 4155 graecis
1224 4084 1347 4141 fontibus

207 4170 351 4322 {rimini
371 4170 482 4227 fluxisse
509 4175 684 4242 perspicuum
710 4179 759 4229 est.
785 4173 820 4229 cf.
845 4174 1008 4229 Kummrou.
1035 4190 1097 4228 ann.
1125 4175 1210 4242 3411.
1237 4173 1278 4227 17.
1311 4170 1347 4224 cf.

233 4256 318 4309 uinti.
353 4295 358 4309 .
376 4260 400 4311 5.
419 4261 463 4314 40.
