3150 4642
1432 1 1546 458 i

267 424 468 489 finitionibus
491 425 658 510 proprium
683 446 765 505 esse,
791 425 878 509 quod
900 446 963 491 non
986 425 1110 491 habent
1130 427 1286 493 lemmata
1307 447 1402 512 prae·
1544 461 1545 504 1

266 537 340 602 fixa.
385 537 568 620 Unicuique
591 538 675 602 enim
694 537 791 602 titulo
814 538 933 602 lemma
952 540 1182 623 praeponitur3
1215 539 1321 605 altere
1344 562 1402 605 au·

265 655 332 714 tem
362 649 390 713 si
419 648 552 715 additur
573 649 736 728 definitio,
765 649 817 714 his
846 648 915 715 lere
944 650 1049 717 utitur
1070 651 1244 717 Diomedes
1274 652 1400 717 formis:

266 766 396 842 aleae:
435 772 464 825 et
492 768 583 827 aliter
613 769 652 827 de
680 768 823 842 prolapsi
851 768 1035 842 disparatur.
1088 769 1204 842 445‚29
1243 776 1272 830 et
1312 771 1401 830 aliter

267 879 424 953 analepsis
443 882 480 952 sn
506 873 559 959 (of.
572 878 705 955 446‚16;
729 879 779 939 27.
803 880 915 956 447‚3;
940 876 993 959 16)
1010 881 1122 956 44531
1149 888 1195 941 est
1214 887 1245 941 et
1264 880 1401 945 secanda

266 993 438 1065 anaphora.
497 987 567 1051 lam
601 986 690 1052 vides
727 985 961 1052 differentiam:
996 987 1048 1053 his
1085 988 1186 1054 verba
1222 990 1403 1074 praemissa

266 1120 383 1164 novam
406 1098 552 1164 exhiberi
568 1098 787 1164 definitionem
810 1106 1041 1184 praemonent;
1063 1098 1139 1166 illae
1155 1102 1298 1185 quinque
1317 1103 1402 1168 nude

266 1212 452 1296 adscriptae
473 1217 557 1289 sunt,
579 1212 626 1276 ita
648 1217 685 1277 ut
700 1233 816 1277 manus
832 1212 1004 1293 secundae,
1026 1234 1123 1297 quam
1144 1234 1307 1294 vocamus,
1330 1236 1402 1299 spe·

267 1325 348 1388 ciem
372 1323 688 1389 1100100010011301.1
728 1324 853 1405 Quibus
883 1325 923 1390 de
953 1326 1060 1391 causis
1087 1325 1148 1390 has
1171 1332 1326 1409 quattuor
1347 1327 1403 1391 de·

265 1436 428 1501 finitiones
452 1457 515 1500 non
539 1458 559 1501 a
583 1435 749 1516 Diomede,
775 1437 834 1501 sed
856 1437 898 1502 ab
920 1437 1157 1522 interpolatore
1180 1437 1310 1503 additas
1332 1460 1403 1504 esse

266 1569 397 1628 cense03
422 1569 520 1632 quam
544 1550 738 1614 sententiam
766 1550 864 1614 etiam
887 1550 1037 1634 pluribus
1061 1551 1262 1635 argumentis
1289 1558 1405 1616 contra

265 1662 476 1726 Kummrowii
498 1660 613 1726 fulcire
635 1662 748 1741 liceat,
778 1684 843 1727 non
872 1663 950 1746 quin
983 1664 1063 1729 satis
1093 1665 1137 1729 sit
1159 1663 1317 1748 probata,
1344 1664 1403 1729 scd

266 1772 354 1857 quod
378 1794 418 1838 ex
440 1773 531 1839 novis
553 1773 617 1839 illis
640 1775 841 1858 argumentis
863 1775 1001 1840 multum
1022 1775 1234 1841 lucrabimur.

368 1886 614 1969 Disputationes
637 1887 787 1966 enimin
811 1887 928 1969 quibus
952 1888 1029 1953 illae
1052 1892 1167 1954 extant
1188 1888 1403 1968 definitiones,

266 2020 330 2064 non
353 1999 466 2063 eodem
493 1998 590 2064 modo
612 2005 702 2064 ortas
733 2020 805 2064 esse
835 2004 873 2063 nt
901 2000 1045 2083 reliquas
1073 2021 1112 2065 ex
1144 2000 1400 2066 conformatione

267 2135 378 2178 earum
408 2124 569 2196 apparere
599 2111 677 2176 mihi
717 2112 854 2178 videtur.
905 2111 990 2178 Nam
1017 2112 1095 2178 licet
1123 2112 1197 2177 illas
1229 2134 1246 2177 e
1274 2113 1402 2178 duobus

266 2224 410 2290 tontibus
433 2225 702 2290 contaminaverit
724 2224 899 2291 Diomedes
919 2263 963 2273 -
983 2226 1066 2290 haec
1089 2225 1173 2290 enim
1197 2230 1247 2289 est
1268 2225 1399 2291 Kamm-

270 2338 361 2402 rcwii
384 2337 492 2423 opinio
514 2374 557 2385 -
581 2357 639 2402 cur
671 2356 735 2401 non
761 2336 822 2402 has
851 2337 1000 2402 similiter
1030 2343 1129 2421 atque
1160 2338 1304 2421 reliquas
1327 2359 1401 2402 oon·

266 2449 434 2528 formavit,
465 2450 513 2514 ita
541 2454 579 2514 ut
606 2450 746 2533 exempli
769 2450 878 2532 gratia
899 2449 1074 2515 scriberet:
1105 2449 1330 2534 „Hypozeuxis
1352 2455 1402 2515 est
1466 2475 1471 2479 ·

266 2562 372 2644 figura
399 2561 559 2646 superiori
590 2562 772 2640 contraria,
801 2560 858 2626 nbi
889 2561 1017 2626 diversa
1045 2561 1146 2626 verbe
1175 2562 1310 2645 singulis
1332 2563 1402 2627 iun·

268 2681 396 2756 guntur,
418 2675 439 2738 1.
465 2695 491 2737 0.
516 2695 588 2738 oum
611 2673 757 2756 singulae
788 2694 841 2738 res
867 2679 926 2739 aut
947 2674 1094 2758 personis
1117 2673 1322 2740 subiciuntur
1344 2679 1402 2740 aut

265 2785 416 2852 10111111ιι
469 2786 553 2864 Quin
583 2786 682 2850 etiam
709 2786 743 2849 in
766 2785 899 2870 syllepsi
929 2784 1114 2851 definienda
1145 2808 1162 2851 e
1193 2786 1403 2852 Kummrowii

266 2900 428 2964 sententia
454 2897 507 2983 (of.
530 2919 562 2981 p.
584 2899 640 2982 44)
669 2896 844 2962 Diomedes
873 2918 942 2962 rem
973 2898 1021 2963 ita
1044 2899 1126 2981 egit,
1156 2904 1193 2963 ut
1224 2898 1402 2963 definitioni

266 3011 401 3076 alterius
426 3010 540 3075 fontis:
571 3015 734 3091 ,syllepsis
764 3020 811 3074 est
839 3030 906 3074 eam
936 3015 1106 3091 singularis
1136 3016 1228 3076 dictio
1257 3033 1283 3077 e.
1316 3034 1342 3090 q.
1365 3018 1402 3074 εἰ(

270 3143 309 3187 ex
332 3123 436 3188 altero
459 3122 548 3187 fonte
570 3121 764 3187 vocabulum
786 3123 995 3207 ‚,coneeptio“
1018 3124 1186 3202 insereret,
1210 3145 1282 3188 eum
1306 3128 1403 3187 antea

265 3237 331 3300 iam
354 3241 460 3301 totum
482 3234 659 3299 secundum
675 3233 798 3299 fontem
822 3235 1014 3300 adverbum
1031 3236 1265 3320 exscripsisset.
1309 3234 1402 3314 Quod

136 3362 138 3367 ⁴
265 3347 363 3432 plane
384 3368 582 3432 perversum.
626 3347 670 3411 At
691 3345 787 3412 facile
809 3347 954 3430 intellegi
968 3351 1085 3432 potest,
1107 3369 1165 3413 eur
1186 3346 1403 3432 interpolator

266 3460 470 3526 definitiones
492 3459 565 3525 illas
588 3459 759 3541 adiecerit3
783 3460 817 3524 in
835 3460 971 3542 reliquis
994 3460 1079 3524 enim
1099 3459 1200 3525 verba
1215 3460 1323 3539 fontis,
1346 3459 1402 3542 qui

267 3575 296 3638 ei
334 3579 468 3658 praesto
507 3578 595 3652 erat,
635 3594 655 3637 a
684 3571 841 3637 Diomede
872 3572 937 3636 iam
977 3573 1141 3656 exscripta
1175 3572 1314 3653 invenit3
1352 3572 1402 3636 his

267 3692 376 3751 autem
405 3686 485 3751 locis
512 3685 663 3764 deerant,
700 3689 833 3768 praeter
859 3683 940 3748 illud
970 3684 1188 3769 ,‚conoeptio“‚
1217 3685 1304 3768 quod
1332 3686 1402 3749 iure

265 3798 418 3880 neglexit.
463 3798 576 3881 Neque
599 3817 770 3881 quemnam
793 3795 916 3860 fontem
938 3796 1093 3861 habuerit
1108 3797 1324 3882 interpolator
1344 3797 1402 3860 dn·

266 3911 365 3975 bitari
386 3916 502 3994 potest.
549 3909 781 3993 Hypozeuxecs
811 3909 896 3972 enim
927 3914 960 3974 et
991 3909 1169 3994 syllepseos
1200 3909 1402 3973 definitiones

267 4024 420 4087 continno
443 4024 581 4106 scriptas
604 4026 739 4105 propter
760 4021 876 4086 Scauri
897 4041 1013 4085 nomen
1037 4021 1222 4105 adpositum
1245 4042 1263 4084 e
1286 4020 1400 4085 Scauri
1508 4022 1510 4025 ’

267 4141 338 4198 erte
361 4135 549 4218 desumptas
573 4139 725 4217 apparet,
749 4154 887 4215 eumque
910 4132 1146 4216 anadiploseos,
1169 4131 1400 4216 homoeoptoti‚

266 4245 518 4310 homoeoteleuti
541 4243 745 4309 definitiones
767 4266 807 4309 ex
830 4245 943 4309 eodem
959 4246 1091 4309 fluxisse
1113 4245 1203 4309 fonte
1223 4250 1322 4327 atque
1343 4243 1401 4328 hy-

1532 4314 1543 4611 l
