3150 4642
629 223 845 283 ..45-

338 389 548 457 Diomedes.
615 480 618 483 x
934 391 1144 458 Charisius.

173 501 273 568 (latur
301 502 365 567 hoo
385 503 499 569 vitium
521 500 716 586 interposita
768 501 903 568 dabitur
930 503 993 570 hoo
1023 504 1136 570 vitium
1165 503 1308 588 interpo-

174 615 285 699 aliqua
305 615 470 700 particula
489 620 528 680 ut
768 617 833 682 sita
845 615 956 701 aliqua
974 622 1070 702 parto
1083 617 1250 696 orationis,
1273 622 1310 682 ut

104 740 107 744 ⁴
189 749 255 793 oum
278 733 408 814 quodam
431 731 575 794 Numerio
592 731 645 808 fui
667 732 701 792 at
768 749 835 794 mm
859 736 990 809 quodam
1013 734 1157 795 Numerio
1175 735 1228 810 foi

189 861 346 905 numerum
368 861 436 905 oum
449 843 578 905 novibus
595 851 714 920 aequet.

173 953 266 1018 itam
281 952 377 1018 unius
386 952 478 1019 vorbi
489 951 631 1018 obscena
640 971 716 1037 pro·
768 953 808 1019 fit
830 955 919 1021 stin
941 975 1006 1021 uno
1029 954 1129 1021 verbo

173 1065 376 1131 nuntiatione
392 1066 441 1131 sio
459 1063 498 1130 fit
512 1068 614 1132 otest
628 1063 717 1149 apud
1166 1071 1204 1134 ιιι
1223 1066 1311 1151 apud

175 1176 365 1245 Sallustium
769 1178 959 1247 Sallustium

240 1295 386 1357 ductabat
427 1296 461 1356 ot
834 1299 981 1362 ductabat
1002 1298 1170 1359 exoratum
1214 1298 1248 1358 st

240 1408 363 1468 arrexit
385 1407 502 1468 animos
524 1407 649 1468 militum
834 1414 958 1474 arrexit
979 1413 1095 1473 animos
1117 1411 1252 1471 militam.
1319 1395 1324 1402 ’

219 1516 450 1600 Caosnphaton
472 1515 615 1582 astutio
631 1535 717 1580 oom-
1166 1502 1170 1507 ⁴

174 1628 346 1713 positionis
366 1626 585 1694 inverecunda
613 1627 718 1711 suspi-

176 1742 224 1806 tio
244 1745 282 1806 ut

241 1858 350 1935 oratos
371 1875 465 1919 aures
487 1858 647 1933 Pamphile

176 1966 280 2031 itam

177 2084 221 2143 ad
234 2100 351 2143 ramum
367 2084 449 2144 huno
466 2083 570 2158 operit
587 2101 615 2144 r.
624 2100 652 2158 q.
663 2101 689 2144 o.
699 2083 717 2144 l.

380 2192 526 2276 (loona)

225 2302 435 2369 Plsonasmos
473 2308 524 2370 ast
559 2303 720 2369 sententia
816 2302 1027 2369 Pleonasmus
1065 2306 1115 2365 sst
1152 2297 1314 2365 sententia

177 2414 277 2480 vsrbo
299 2415 493 2500 plusquam
515 2435 647 2481 nsossss
670 2419 720 2481 est
772 2415 873 2482 verbo
894 2415 968 2499 plus
989 2435 1088 2499 quam
1109 2432 1242 2479 necasse
1264 2416 1315 2476 sst

177 2527 356 2610 abundans,
375 2534 413 2594 ut
772 2527 953 2610 abundans,
974 2533 1012 2593 ut

291 2646 337 2706 sic
359 2662 414 2706 ore
436 2648 539 2707 locuto
561 2651 607 2706 est
888 2645 935 2706 sic
956 2661 1011 2705 ore
1033 2646 1134 2705 locuto
1156 2650 1202 2704 est

178 2774 251 2818 oum
273 2752 387 2837 utiquo
409 2752 576 2820 sufficeret
603 2755 651 2819 sio
672 2753 718 2818 lo·
772 2776 846 2822 oum
886 2753 1052 2820 sufficeret
1087 2751 1152 2818 dioi
1185 2752 1232 2816 sio
1267 2750 1314 2816 lo-

178 2869 255 2930 cuta
277 2871 336 2931 ast.
772 2872 850 2933 outa
869 2872 928 2933 est.

221 2978 439 3063 Porissologia
468 2984 519 3045 est
544 2979 720 3045 multorum
814 2978 1034 3063 Pstissologia
1061 2983 1111 3044 sst
1139 2977 1315 3043 multorum

177 3090 351 3158 vorborum
363 3091 505 3157 adiootio
518 3111 721 3177 supervacua
772 3091 946 3158 verborum
957 3090 1097 3156 adiectio
1113 3110 1316 3175 supervacua

179 3202 248 3268 sins
269 3203 338 3270 ulla
360 3204 392 3269 vi
414 3225 524 3270 rarum
545 3209 584 3270 ut
1135 3208 1172 3268 ut

178 3319 264 3381 ibant
275 3327 574 3398 anonomaston
586 3322 720 3397 anot.
773 3321 860 3383 ibant
874 3338 936 3397 qao
948 3325 1106 3397 poterant,
1129 3339 1157 3396 q.
1168 3336 1239 3395 ap.
1252 3337 1281 3381 n.
1294 3320 1314 3380 ι’.

178 3426 232 3492 hio
254 3428 340 3494 onim
370 3435 507 3515 sxospto
535 3429 629 3496 ibant
654 3438 721 3496 om·
773 3431 828 3496 hia
850 3430 935 3495 anim
965 3434 1101 3514 excepto
1127 3428 1221 3494 ibant
1249 3448 1316 3493 om·

179 3541 234 3607 nia
256 3562 461 3627 supervacua
482 3548 567 3609 sunt.
773 3526 829 3610 nia
852 3563 1053 3628 supervacua
1074 3548 1158 3608 sunt.

222 3653 423 3740 Maorologia
450 3661 501 3722 ost
523 3655 629 3722 oratio
653 3655 722 3721 sins
818 3656 1019 3741 Maarologia
1033 3661 1084 3722 sst
1097 3657 1205 3722 oratio
1218 3654 1317 3738 longa

180 3766 270 3833 cultu
291 3767 427 3834 nimium
456 3767 563 3853 longa.
608 3767 722 3853 (Scan
775 3769 845 3835 sins
866 3769 956 3836 oultu

178 3898 236 3945 rus
265 3880 314 3945 ita
343 3878 457 3946 delinit
485 3930 593 3947 ......
625 3902 723 3965 quam
817 3902 821 3913 ’
1199 3946 1200 3949 ,

180 3992 307 4058 solutas
350 3993 505 4079 orationi)
553 3999 587 4059 ot
635 3993 724 4079 apud
1164 3996 1202 4057 ut
1229 3990 1317 4075 apud

181 4102 309 4175 Livium
775 4105 903 4171 Livium

208 4220 319 4299 Leooti
340 4239 401 4284 noo
423 4223 588 4298 impetrato
608 4265 693 4283 .....
806 4221 916 4297 Μαρια·
936 4237 997 4280 non
1019 4220 1184 4296 impetrato
1206 4259 1292 4279 .....
