3150 4642
675 156 890 216 ..55-

376 322 589 391 Diomedes.

214 440 397 505 adiectione
418 439 663 524 adspirationis;
693 437 756 503 hoc

214 559 247 618 et
275 553 397 637 scripto
427 557 460 617 et
490 572 569 617 sono
595 550 755 636 proditur,

213 671 250 730 ut
284 687 356 730 cum
402 664 539 729 dicimus
579 663 755 729 choronam

213 799 287 843 oum
300 777 531 862 adspiratione,
548 799 621 842 cum
635 775 755 841 debeat

211 889 327 955 leviter
341 890 557 974 pronuntiari.
580 891 672 955 item
694 888 750 953 he-

212 1024 265 1068 mo
288 1023 349 1087 pro
372 1023 453 1067 emo.

262 1115 475 1180 detractionis
518 1115 643 1199 species
679 1119 756 1180 sunt

212 1246 315 1311 aeque
338 1232 504 1311 quattuor,
527 1226 608 1292 datr.
629 1232 754 1311 tempo·

211 1339 266 1420 ris,
288 1338 433 1420 litterae,
463 1337 622 1425 syllabae,
646 1339 754 1424 adspi-

210 1452 356 1518 rationis.

257 1565 428 1649 temporis,
458 1570 496 1629 ut
532 1564 634 1649 siquis
664 1563 753 1629 dicat

207 1684 335 1757 fervere
367 1683 533 1761 correpte,
572 1698 644 1742 cum
679 1697 753 1761 pro-

211 1788 286 1854 duci
303 1789 422 1855 debeat
436 1790 544 1855 media
559 1788 693 1875 syllaba,
717 1793 754 1854 ut

328 1910 457 1983 fervere
476 1907 646 1979 Leucoteo;

208 2127 361 2207 litterae,
376 2134 414 2193 ut
435 2129 462 2193 si
486 2127 635 2193 detracta
658 2148 678 2192 a
698 2126 752 2190 lit·
804 2151 863 2214 per
874 2130 1108 2197 detractionem
1118 2131 1249 2197 litterae
1262 2132 1346 2197 sicut

208 2244 280 2304 tera
300 2245 412 2324 pretor
435 2240 597 2320 dicamus,
629 2247 666 2306 ut
687 2241 750 2306 Lu-

209 2352 302 2417 cilius
924 2360 1086 2437 Ioforrtiba
1101 2362 1212 2437 porois

272 2476 385 2546 pretor
408 2488 447 2531 ae
468 2472 603 2532 rusticas
622 2474 689 2543 fiat,
803 2490 862 2552 pro
885 2469 1080 2550 infantibus,

208 2600 281 2643 cum
321 2578 441 2646 debeat
474 2602 512 2645 ae
534 2581 749 2677 pronuntiari

207 2697 340 2775 praetor
368 2693 440 2778 [sed
468 2698 653 2759 structurae
675 2715 749 2778 gra-

207 2805 255 2868 tia
276 2803 403 2890 syllaba
424 2805 522 2890 longa
544 2808 749 2893 corripitur];

251 2917 405 3003 syllabae,
428 2922 465 2982 ut
487 2919 589 3002 siquis
604 2924 749 2985 temnere
845 2918 1000 3004 syllabae,
1023 2925 1060 2984 ut

207 3030 297 3096 dicat
316 3052 376 3114 pro
391 3036 607 3110 contemnere,
622 3036 660 3096 ut
669 3030 749 3096 Ver·
984 3038 1161 3096 solmeotcm

208 3142 303 3226 gilius

289 3266 320 3319 et
340 3277 402 3320 ooo
424 3265 557 3320 temnere
580 3261 682 3334 divos;
801 3276 861 3338 pro
976 3263 1167 3322 salsamento.

252 3367 471 3452 aspirationis,
488 3374 526 3433 ut
547 3369 649 3453 siquis
660 3368 749 3434 dicat

206 3501 280 3545 omo
311 3480 381 3545 sine
418 3480 635 3565 aspiratione,
675 3504 748 3548 cum

207 3592 327 3658 debeat
349 3614 464 3677 aspere
486 3594 700 3677 pronuntiari.

248 3705 312 3770 hae
340 3711 449 3771 autem
485 3706 610 3790 species
638 3705 748 3772 inven-

205 3818 318 3883 iuntur
343 3818 423 3884 locis
445 3817 564 3899 tribus,
586 3818 619 3883 in
641 3819 747 3903 prima

206 3936 301 4014 parte
328 3929 478 3997 dictionis
507 3931 540 3995 in
574 3930 681 3996 media
713 3931 747 3995 in

205 4042 388 4109 norissima.
