3150 4642
706 252 921 313 ..34-

352 418 477 485 Deinde
499 441 572 485 oum
593 418 727 504 probari
754 423 911 503 nequeat,
942 417 1173 483 aCominiano
1196 417 1229 482 in
1252 438 1322 501 cap.
1345 417 1385 482 de

247 530 455 599 barbarismo
476 554 575 598 unum
597 536 727 597 tantum
748 530 844 595 nobis
869 529 1022 615 praeberi
1045 529 1180 609 ionum,
1203 529 1244 594 de
1266 529 1386 594 Donati

247 644 370 728 capite,
394 643 482 728 quod
502 650 553 710 est
575 644 615 709 de
638 643 844 710 barbarismo
868 642 1141 728 (sana-msa),
1164 641 1385 707 annotandum

247 764 306 839 est,
329 779 393 824 non
414 757 511 823 modo
534 756 767 842 nihilprobare
791 777 864 822 sum
888 777 988 822 unum
1008 761 1155 821 secutum
1171 753 1385 835 essefoutem,

247 870 306 937 sed
329 871 428 936 etiam
449 870 592 955 plurium
614 870 752 953 vesbgia
775 875 897 935 extare.

349 982 494 1048 Primum
518 983 603 1048 enim
620 982 721 1048 verba
733 985 856 1066 (itm)
872 985 1083 1047 barbarismus
1099 989 1136 1059 fit
1158 985 1275 1046 dnobus
1289 986 1384 1045 nodis

241 1101 498 1176 pronuntiatione
520 1105 550 1159 et
571 1102 705 1175 script0;
727 1101 774 1159 bis
795 1099 948 1174 bipertitis
970 1102 1114 1173 quattuor
1136 1099 1256 1173 speeies
1276 1098 1384 1171 subpo-

246 1219 363 1272 nuntur
389 1206 452 1272 boc
480 1207 672 1291 promittere
700 1206 852 1272 videntur
872 1206 974 1291 (quod
1006 1207 1104 1272 etiam
1127 1205 1217 1290 apud
1238 1206 1385 1270 Servium

246 1326 280 1386 et
300 1320 490 1405 Pompeium
512 1319 698 1386 absolutum
720 1320 915 1405 invenimus)
937 1320 1042 1404 primo
1064 1317 1288 1385 barbarismos
1310 1340 1384 1403 pro-

246 1433 470 1508 nuntiationis,
493 1432 610 1498 deinde
629 1433 742 1517 scripti
766 1434 949 1517 expositum
971 1432 1021 1497 iri.
1067 1430 1133 1497 Sub
1156 1432 1253 1498 titulo
1276 1438 1384 1497 autern

247 1546 286 1611 de
309 1545 522 1611 barbarismis
545 1546 820 1630 pronuntiationis
836 1545 1008 1611 dicendum
1031 1549 1104 1610 erat
1124 1541 1164 1609 de
1183 1544 1384 1629 temporibus

247 1664 280 1723 et
316 1659 506 1724 accentibus
543 1658 595 1742 (cf.
636 1658 845 1724 Consentium
881 1659 925 1738 V,
969 1659 1107 1741 sanis).
1158 1657 1249 1722 Haec
1285 1658 1385 1740 igitur

247 1792 265 1836 s
287 1771 377 1837 fonte
402 1771 536 1837 fluxisse
559 1771 724 1851 videntur,
752 1771 786 1835 in
809 1791 873 1854 quo
896 1792 937 1836 ex
958 1769 1144 1836 differentia
1165 1769 1385 1836 barbarismo·

247 1904 318 1948 rum
350 1883 624 1967 pronuntiationis
654 1889 687 1947 et
719 1883 833 1967 scripti
863 1883 1024 1966 generalis
1054 1882 1224 1967 dispositio
1255 1889 1385 1966 sumpta

246 1996 324 2076 fuit,
356 2016 428 2061 cnm
459 1997 493 2060 in
518 1995 639 2061 Donati
669 1997 777 2079 capite
805 2001 933 2061 tantum
959 1995 1013 2060 hic
1041 2000 1074 2061 et
1102 1995 1170 2060 illic
1201 2000 1384 2075 annotetur,

246 2107 488 2174 barbarismum
505 2108 728 2173 enuntiatione
749 2108 801 2173 vel
817 2109 939 2193 scripto
962 2109 1042 2173 fieri.
1088 2108 1267 2192 Dispositio
1290 2128 1385 2191 gene-

246 2220 325 2285 ralis
348 2221 432 2286 enim
456 2220 540 2286 baec
562 2225 628 2300 est,
662 2226 699 2286 ut
722 2225 879 2304 quattuor
901 2219 1100 2286 barbarismi
1122 2241 1243 2304 genera
1264 2219 1385 2285 discer-

248 2338 378 2413 nantur,
400 2332 519 2416 quibus
542 2332 778 2399 subdivisiones
803 2333 942 2413 litterae,
965 2332 1119 2418 syllabae,
1141 2333 1297 2417 temporis
1311 2332 1386 2397 sub·

245 2450 419 2529 ponuntur.
464 2444 589 2510 Deinde
620 2444 660 2510 de
683 2446 769 2512 tonis
797 2446 943 2531 (392,22)
967 2446 1035 2511 sive
1066 2444 1255 2511 accentibus
1278 2446 1386 2528 agitur

246 2578 285 2622 eo
308 2557 403 2622 modo
424 2562 462 2622 ut
481 2557 637 2624 hocloco
656 2556 826 2643 dispositio
849 2558 942 2624 initio
965 2558 1082 2642 capitis
1104 2558 1234 2643 prolata
1256 2562 1386 2623 servata

247 2670 298 2748 sit,
324 2670 388 2735 nisi
410 2670 497 2754 qnod
519 2672 618 2736 etiam
641 2691 681 2736 ex
700 2670 806 2736 altera
827 2671 1039 2756 dispositione
1057 2674 1095 2736 ut
1111 2670 1309 2736 barbarismi
1329 2668 1386 2734 ad·

245 2782 434 2865 spirationis
454 2783 502 2849 ita
525 2784 623 2848 etiam
644 2782 852 2864 barbarismi,
874 2784 930 2867 qui
952 2783 1035 2850 fiunt
1056 2782 1308 2862 innocentibus,
1330 2803 1384 2847 ex·

244 2899 426 2977 pectentur.

349 3006 511 3092 Deinceps
534 3028 619 3092 quas
642 3028 716 3092 pag.
739 3012 995 3090 392,27-393,4
1014 3009 1184 3092 leguntur,
1212 3013 1245 3072 et
1264 3008 1298 3072 iu
1321 3007 1386 3071 dis·

245 3120 407 3203 positione
430 3141 495 3186 non
510 3122 672 3205 promissa
693 3127 777 3202 sunt,
800 3126 834 3187 et
850 3122 936 3187 inter
959 3143 993 3189 se
1006 3127 1162 3206 pugnant.
1207 3121 1385 3203 Postquam

246 3232 331 3296 enim
361 3232 569 3316 singulariter
600 3238 792 3300 annotatum
823 3240 889 3315 est,
927 3233 1168 3300 barbarismum
1196 3233 1295 3300 etiam
1313 3253 1385 3316 ·per

245 3343 356 3409 hiatus
380 3344 467 3426 fieri,
490 3347 610 3412 iterum
633 3347 821 3430 exponitur,
848 3345 957 3412 hiatus
979 3346 1221 3412 barbarismum
1243 3346 1384 3429 speciem

246 3477 316 3522 esse
346 3456 626 3524 barbarismorum
662 3459 769 3524 malae
801 3460 1050 3543 compositionis.
1103 3460 1193 3538 Quae
1223 3457 1385 3540 quomodo

246 3569 457 3653 expluribus
487 3569 631 3638 fontibus
661 3572 892 3655 conscripserit
914 3571 1076 3651 Donatus,
1103 3571 1268 3654 inquirere
1292 3569 1384 3635 omit·

245 3687 369 3763 tamus3
391 3684 530 3767 vestigia
551 3684 694 3768 plurium
717 3684 856 3750 fontium
879 3684 1041 3750 detexisse
1062 3684 1142 3749 satis
1163 3682 1330 3749 habemus⁴

350 3797 457 3878 Atque
484 3796 512 3862 si
533 3797 654 3862 Donati
677 3797 948 3882 disputationem,
979 3802 1140 3880 quatenus
1163 3816 1235 3867 eam
1259 3816 1299 3860 ex
1316 3812 1384 3859 uuo

246 3907 425 3991 eodemque
453 3908 542 3974 fonte
564 3910 698 3975 fluxisse
721 3908 895 3976 verisimile
919 3914 984 3988 est,
1012 3930 1085 3975 cum
1108 3907 1288 3973 Cominiani
1303 3923 1384 3972 con-

246 4018 400 4099 serimus,
432 4019 576 4088 videmus
610 4022 791 4088 simillimas
825 4043 881 4086 eas
912 4042 992 4087 esse.
1039 4022 1244 4103 Quamquam
1274 4019 1386 4085 ordine

245 4131 390 4212 paullum
420 4132 583 4198 differunt.
634 4134 718 4197 Nam
747 4135 895 4199 Donatus
925 4133 964 4198 de
998 4132 1230 4213 barbarismis,
1262 4132 1385 4216 quiin

244 4244 448 4325 temporibus
470 4245 567 4324 fiunt,
594 4266 722 4329 semper
744 4246 878 4326 ultimo,
900 4245 1108 4310 Cominianus
1129 4267 1257 4330 semper
1279 4245 1384 4328 primo
