3150 4642
705 245 928 313 .—37-

228 410 332 476 ¹esse.
383 411 437 494 (ef.
468 433 552 496 quae
580 411 667 477 infra
698 412 738 478 de
762 413 935 479 Consentio
965 414 1227 501 disputavimus.)
1273 417 1387 502 Neque

251 547 311 610 per
331 547 365 590 se
382 525 556 591 verisimile
572 531 631 606 est,
655 546 711 593 eos
733 528 973 611 grammaticos,
996 528 1052 612 qui
1073 528 1171 613 primi
1187 529 1387 596 Graecorum

253 638 435 703 doctrinam
464 637 567 703 latino
606 640 746 705 sermoni
779 639 1032 724 applicaverint,
1070 645 1139 707 tam
1167 642 1390 710 inconstantes

252 750 314 815 sibi
334 750 452 831 fuisse,
476 755 524 831 ut,
547 772 619 816 oum
641 750 737 836 modo
760 751 934 832 dixissent,
962 752 1203 820 barbarismum
1225 755 1387 822 insoluto

251 867 379 929 tantum
402 884 549 931 sermone
565 885 683 929 nomen
701 887 794 930 suum
817 865 967 945 retinere,
988 867 1145 932 maiorem
1166 867 1388 952 exemplorum

251 981 380 1061 partem
403 998 421 1042 e
442 982 614 1061 poetarum
637 977 731 1043 libris
742 982 901 1062 peterent.
946 962 1099 1044 Attamen
1118 1000 1192 1044 eum
1213 981 1388 1065 metaplas-

226 1108 378 1157 morum
408 1096 442 1155 et
464 1090 666 1156 schematum
688 1089 791 1157 multo
820 1091 925 1157 maior
947 1110 1100 1159 numerus
1122 1098 1210 1158 esset
1231 1093 1264 1157 in
1286 1093 1388 1160 latino

252 1222 399 1268 sermone
429 1224 526 1286 quam
549 1201 830 1269 barbarismorum
853 1208 887 1268 st
907 1203 1189 1285 soloecismorum,
1211 1205 1308 1270 facile
1330 1206 1388 1271 ad-

252 1314 441 1381 ductisunt
467 1314 667 1400 artigraphi,
697 1320 734 1380 ut
762 1315 893 1381 illorum
921 1337 981 1401 pro
1013 1316 1130 1383 horum
1152 1318 1308 1403 exemplis
1331 1302 1388 1384 adss

251 1427 411 1508 biberent,
430 1447 496 1512 qua
516 1428 551 1493 in
571 1449 608 1493 re
631 1427 712 1493 nihil
733 1426 984 1512 vituperandum
1007 1435 1071 1510 est,
1093 1429 1268 1496 dummodo
1291 1452 1331 1496 sa
1351 1432 1389 1498 lit

252 1541 388 1621 ratione,
412 1562 478 1624 qua
498 1539 733 1619 Quintilianum
752 1562 848 1606 usum
868 1540 1024 1607 videmus.
1069 1542 1148 1608 Eius
1169 1542 1265 1608 velim
1287 1543 1382 1629 inspi-

253 1653 320 1718 cias
341 1652 424 1718 haeo
445 1652 561 1718 verba:
585 1651 623 1736 (Ι,
651 1655 737 1737 alr)
760 1659 835 1718 Plus
854 1659 985 1735 euipuut
1006 1658 1182 1720 subtilitatis
1205 1677 1285 1735 qima
1307 1663 1388 1721 aeci-

254 1772 331 1830 duut
352 1770 384 1830 iu
407 1771 535 1831 diceudo
568 1769 658 1842 uitia,
693 1770 767 1845 quia
796 1773 936 1846 exemplu
958 1787 1063 1831 eorum
1085 1773 1170 1832 tradi
1192 1773 1308 1847 scripto
1328 1790 1388 1832 uou

245 1874 396 1957 possunt,
425 1883 487 1942 uiri
514 1898 581 1943 cum
608 1883 639 1942 iu
670 1899 777 1943 uersus
807 1883 992 1944 inciderunt.
1038 1883 1088 1944 et:
1111 1880 1158 1963 (l,
1192 1881 1295 1964 535),
1325 1887 1389 1945 siue

252 2010 402 2066 „umorue
422 1996 568 2056 corticis“
589 2013 644 2056 seu
665 1996 784 2068 „medio
804 1996 940 2056 cortiee“
956 2012 1019 2071 per
1033 2011 1132 2072 penus
1146 1997 1230 2072 facit
1247 1999 1388 2058 soloecis-

252 2124 329 2168 mum
374 2139 416 2151 -
458 2125 585 2182 quorum
631 2113 772 2168 neutrum
816 2109 936 2183 quidem
980 2110 1192 2183 reprebendo,
1238 2126 1304 2170 cum
1348 2111 1389 2170 sit

251 2221 412 2296 utriusque
465 2218 616 2295 Verpilius
658 2224 767 2280 auctor
774 2239 786 2293 ;
830 2222 887 2281 sed
930 2224 1080 2297 tueamur
1116 2222 1291 2282 utrumlibet
1327 2239 1388 2281 uon

252 2338 336 2392 reete
359 2333 471 2394 dietum
496 2365 534 2377 -
565 2349 591 2392 e.
615 2350 645 2411 q.
667 2348 714 2411 sq.
758 2328 829 2392 lam
848 2327 938 2394 rides
967 2350 1042 2394 eum
1068 2329 1162 2412 quasi
1184 2329 1309 2396 veniam
1332 2352 1389 2414 pe-

254 2445 335 2521 tere,
357 2439 446 2524 quod
466 2462 578 2506 versus
594 2446 723 2524 partem
739 2440 879 2524 exempli
900 2440 973 2507 loeo
985 2441 1140 2525 posuerit.
1185 2443 1293 2521 Quare
1316 2464 1389 2509 cen-

253 2574 308 2618 seo
331 2575 404 2618 eum
435 2558 601 2618 auctorem
631 2575 728 2637 quem
750 2552 923 2619 Diomedes
954 2559 1155 2634 asama—29
1180 2554 1391 2639 exscripserit

252 2665 470 2750 antiquiorem
495 2686 566 2731 esse
587 2666 797 2750 reliquorum.
842 2666 1048 2749 Quamquam
1070 2666 1156 2732 enim
1179 2672 1333 2749 „nantes“
1356 2673 1389 2733 et

252 2778 400 2862 „linque“
422 2770 704 2864 apud'Vergilium
725 2778 942 2858 inveniuntur,
966 2783 1085 2859 tamen,
1108 2800 1181 2845 cum
1202 2781 1272 2845 sola
1289 2779 1389 2846 verba

252 2890 486 2972 adhibeantur,
512 2891 709 2957 barbarismi
732 2890 881 2976 exempla
911 2898 1005 2974 sunt3
1036 2892 1085 2958 sin
1114 2893 1177 2958 toti
1196 2914 1309 2958 versus
1331 2891 1388 2958 ad-

252 3005 367 3089 scripti
389 3008 513 3084 essent,
545 3004 759 3089 metaplasmi.
805 3002 909 3069 Simili
931 3009 1041 3069 autem
1063 3004 1159 3070 modo
1186 3005 1320 3088 reliquis
1341 3005 1389 3070 lo-

252 3116 308 3197 cis,
331 3138 412 3201 quos
435 3138 453 3182 e
473 3116 587 3182 Scauri
609 3115 694 3181 libro
716 3116 787 3200 ipso
806 3114 941 3180 fluxime
956 3115 1176 3182 demonstravi
1197 3138 1260 3183 non
1276 3139 1389 3183 versus

252 3229 310 3295 sed
332 3229 461 3313 singula
483 3228 665 3295 afferuntur
686 3226 797 3303 rerba.

355 3341 577 3414 Posteriorum
607 3345 718 3407 autem
746 3340 929 3425 temporum
954 3340 1153 3425 artigraphi,
1183 3346 1220 3407 ut
1242 3342 1388 3426 disputa-

251 3453 395 3520 tionibus
418 3454 574 3520 maiorem
601 3451 761 3521 adderent
782 3451 1004 3538 splendorem,
1034 3452 1118 3519 male
1139 3455 1280 3538 quadam
1302 3454 1389 3520 litte·

251 3587 363 3632 rarum
386 3567 523 3632 scientia
541 3567 592 3632 usi
614 3570 701 3632 totos
717 3588 831 3633 versus
850 3565 928 3650 quin
951 3566 1050 3631 etiam
1071 3571 1243 3651 poetarum
1259 3568 1390 3633 nomina

252 3678 505 3764 adscripserunt.
560 3678 635 3744 Cuis
672 3679 721 3744 rei
756 3700 797 3744 ex
832 3679 935 3763 ipsius
965 3678 1132 3745 Diomedis
1169 3680 1389 3764 disputatione

252 3792 435 3877 exemplum
464 3790 583 3856 afferre
611 3812 793 3876 possumus.
840 3790 923 3856 Nam
953 3797 1047 3872 452,ss
1074 3792 1162 3876 apud
1189 3790 1389 3873 Diomedem,

251 3904 339 3987 quod
362 3924 468 3988 nequo
491 3925 511 3968 a
532 3903 720 3971 Cominiano
740 3925 846 3989 neque
868 3903 1035 3969 aDonato
1054 3903 1178 3969 factum
1200 3905 1388 3985 invenimus

251 4015 530 4083 barbarismorum
553 4016 703 4102 exempla
716 4017 823 4102 primo
839 4016 967 4100 singula
984 4015 1085 4082 verba
1106 4022 1280 4100 ponuntur,
1304 4039 1389 4100 quae

250 4133 366 4212 postea
379 4128 528 4195 versibus
551 4129 725 4214 adscriptis
747 4134 905 4212 tanquam
926 4127 1117 4212 probantur.
1162 4128 1308 4194 Tertium
1331 4152 1388 4195 au·

250 4245 316 4305 tem
346 4240 544 4325 exemplum,
576 4241 664 4325 quod
686 4246 736 4306 est
756 4245 899 4319 alituum,
928 4227 1170 4325 quodpropter
1195 4246 1265 4307 item
1285 4243 1389 4327 parti-
