3150 4642
717 242 928 309 *35-

252 415 324 480 loeo
360 415 462 481 verba
499 416 595 497 faoit3
634 422 808 499 praeterea
840 417 986 481 Donatus
1023 417 1280 481 immutationem
1316 419 1391 480 ante

253 529 569 608 transmutationem,
593 529 800 594 Oominianus
819 529 905 592 bano
928 534 1003 592 ante
1024 528 1113 592 illam
1135 529 1254 611 posuit.
1298 528 1391 606 Quod

255 645 364 705 autem
393 640 599 707 Geminianus
629 641 710 706 nihil
740 639 781 706 de
809 640 1082 706 transmutatione
1111 646 1146 705 et
1165 641 1391 705 immutatione

257 752 404 839 syllabae
429 759 462 818 et
483 755 640 840 temporis
661 756 772 836 babet,
795 760 853 820 aut
867 754 1014 820 Charisio
1037 760 1096 820 aut
1115 754 1180 838 ipsi
1195 754 1391 835 Cominiano,

253 867 309 950 qui
338 867 371 930 in
401 868 615 934 exscribendo
644 868 733 934 fonte
763 890 822 933 suo
858 869 892 932 in
919 868 984 932 fine
1014 867 1131 951 capitis
1161 865 1291 931 brevior
1320 867 1391 946 fnit,

251 979 323 1044 iure
353 979 456 1045 tribui
485 986 603 1065 potest.
653 982 766 1064 Neque
786 982 903 1045 minus
931 956 1006 1045 fieri
1031 984 1157 1063 potest,
1186 986 1224 1043 ut
1246 979 1390 1063 disputa·

252 1092 358 1157 tiones
380 1092 420 1157 de
442 1094 667 1159 immutatione
690 1099 723 1158 et
744 1092 1019 1158 transmutatione
1042 1091 1187 1177 syllabae
1210 1096 1243 1156 et
1266 1097 1390 1175 tempo-

251 1205 297 1269 ris
320 1226 341 1268 a
359 1205 488 1271 Donato
510 1212 669 1289 utaequa
687 1205 780 1270 fieret
800 1206 970 1290 dispositio
987 1205 1133 1271 adiectas
1156 1225 1236 1284 esse,
1260 1209 1391 1292 conten-

252 1317 383 1399 damus;
406 1318 497 1384 onius
521 1319 702 1384 sententiae
725 1323 952 1402 argumentum
973 1338 1014 1382 ex
1036 1338 1075 1382 eo
1098 1317 1279 1399 colligimus
1303 1317 1391 1400 quod

251 1429 400 1495 Donatus
431 1430 614 1515 exemplum
644 1438 772 1510 seruere
801 1435 959 1496 Leucaten
991 1452 1008 1495 e
1037 1430 1133 1494 titulo
1163 1429 1203 1494 de
1234 1430 1391 1513 temporis

253 1541 458 1607 detractione
485 1544 519 1607 in
539 1544 679 1635 titulum
708 1543 748 1608 de
776 1543 1002 1609 immutatione
1024 1541 1231 1606 transtulisse
1254 1541 1390 1606 videtur.

253 1654 401 1737 Utraque
433 1661 541 1720 autem
564 1657 726 1722 sententia
747 1655 834 1720 idem
861 1655 948 1720 valet
975 1656 1060 1719 etin
1083 1659 1228 1719 nostram
1250 1653 1392 1736 quadrat

253 1767 454 1851 opinionem,
487 1767 616 1834 Donato
641 1773 674 1832 et
695 1768 883 1833 Cominiano
907 1768 1052 1850 exeeptis
1073 1767 1114 1830 iis
1136 1787 1197 1849 qae
1221 1766 1308 1849 apud
1331 1766 1391 1829 Co·

253 1879 430 1944 minianum
452 1881 485 1944 in
507 1882 601 1945 initio
625 1881 741 1964 eapitis
760 1881 922 1963 leguntur,
944 1879 1080 1945 eundem
1101 1879 1235 1943 subesse
1258 1878 1389 1942 fontem.

252 1992 336 2057 Nam
360 2013 433 2057 oum
454 1994 488 2056 in
510 1992 618 2058 verbis
648 1999 782 2078 propter
813 1993 1007 2058 brevitatem
1030 1993 1218 2075 utriusque,
1250 1991 1389 2073 quaein

251 2103 341 2169 fonte
363 2105 506 2170 nondum
530 2106 676 2170 extitisse
707 2104 851 2185 videtur,
885 2106 992 2169 rarior
1015 2125 1190 2169 consensus
1212 2102 1391 2184 depreben-

253 2215 366 2296 datur,
390 2217 478 2300 quod
503 2217 545 2282 ad
568 2217 717 2301 exempla
740 2219 873 2297 attinet,
896 2238 949 2281 res
971 2219 1019 2281 ita
1041 2238 1076 2281 se
1099 2216 1217 2296 habet,
1240 2221 1278 2280 ut
1299 2216 1391 2297 quin·

252 2329 344 2411 quies
367 2333 405 2414 (s.
428 2331 477 2394 tit.
501 2330 541 2395 de
565 2330 681 2396 adieot.
705 2336 819 2413 temp.,
850 2329 927 2409 litt,
957 2329 1043 2414 sylb,
1076 2329 1116 2393 de
1147 2328 1283 2394 detraot.
1305 2327 1391 2411 sylb,

253 2441 293 2506 de
316 2442 438 2506 immut.
461 2442 538 2525 litt.)
561 2448 699 2526 uterque
728 2443 816 2508 idem
839 2441 993 2508 exhibeat
1016 2442 1211 2526 exemplum,
1234 2446 1285 2504 ter
1307 2438 1390 2523 (sub.

252 2554 302 2618 tit.
333 2554 374 2619 de
405 2554 562 2621 deotraot.
593 2561 709 2640 temp.,
746 2556 827 2639 lita,
867 2554 907 2619 de
938 2560 1072 2621 transm.
1100 2553 1176 2637 litt.)
1208 2551 1393 2618 differentia

253 2673 397 2731 oeeurat.

357 2779 481 2845 Deinde
513 2781 612 2845 etiam
633 2780 800 2846 Diomedis
823 2780 1043 2865 disputatione
1071 2777 1220 2844 adbibita
1245 2777 1329 2841 baeo
1351 2776 1391 2840 de

254 2892 411 2976 exemplis
440 2892 538 2957 trium
562 2894 848 2976 grammaticorum
871 2898 1015 2958 statuere
1038 2912 1226 2975 possumus:

329 3006 352 3069 l.
387 3005 491 3069 Diom.
514 3004 600 3070 Gom.
624 3006 705 3071 Don.
727 3005 841 3070 eadem
864 3005 987 3070 babent
1009 3004 1175 3087 exempla:

411 3117 526 3200 l).sub
548 3118 645 3183 titulo
668 3117 708 3182 de
732 3117 915 3183 adiectione
937 3117 1095 3200 temporis

410 3231 443 3314 2)
488 3280 505 3310 „
594 3281 611 3310 „
678 3279 694 3310 „
822 3280 839 3309 „
943 3229 1074 3293 litterae

315 3342 354 3407 ΙΙ.
389 3341 469 3406 Don.
494 3348 527 3407 et
545 3342 632 3407 Com.
647 3342 732 3407 idem
747 3342 872 3407 habent
885 3340 1077 3425 exemplum,
1099 3339 1187 3405 aliud
1200 3337 1390 3404 Diomedes:

413 3454 444 3537 1)
467 3453 527 3519 sub
550 3455 646 3521 titulo
670 3455 710 3520 de
734 3455 916 3520 adiectione
984 3453 1128 3538 syllabae

407 3570 441 3651 2)
486 3618 504 3648 „
593 3619 609 3648 „
685 3617 702 3647 „
733 3567 936 3633 detractione
981 3566 1126 3651 syllabae

409 3682 442 3764 3)
487 3731 504 3761 „
593 3731 610 3760 „
683 3729 703 3759 „
732 3680 958 3745 immutatione
979 3680 1110 3745 litterae

294 3793 350 3857 Ill.
385 3794 489 3859 Diem.
509 3793 641 3858 etCom.
664 3791 750 3856 idem
769 3791 894 3858 habent
906 3792 1099 3876 exemplum,
1122 3788 1211 3856 aliud
1228 3788 1390 3853 Donatus:

410 3908 441 3990 1)
464 3905 524 3970 sub
547 3905 643 3970 titulo
667 3905 707 3968 de
731 3904 933 3969 detractione
956 3904 1121 3988 temporis.

253 4018 302 4082 Ex
321 4019 388 4082 bao
410 4040 463 4098 re,
493 4030 591 4102 quam
613 4018 727 4082 ultimo
749 4017 822 4081 looo
850 4016 976 4095 notavi,
1007 4035 1124 4080 novum
1155 4014 1270 4098 colligo
1296 4035 1391 4097 argu-

251 4133 413 4209 mentum,
443 4130 609 4195 Donatum
632 4114 815 4213 exemplum
840 4136 968 4208 seruere
991 4132 1145 4192 Leucaten
1175 4148 1192 4190 e
1225 4126 1321 4191 titulo
1351 4109 1391 4192 de

252 4244 408 4327 temporis
438 4224 655 4308 detractione
679 4221 729 4305 ad*
748 4226 879 4305 titulum
911 4240 951 4305 de
982 4240 1206 4304 immutatione
1236 4241 1392 4325 temporis

1146 4346 1161 4395 3
1172 4345 1185 4376 a
