3150 4642
657 218 786 294 ..25
831 266 873 277 -

263 453 360 544 Gap.
383 456 450 525 III.
494 454 545 519 Dc
567 453 751 520 Diomedis
773 454 891 535 capite
914 454 1007 532 quod
1031 454 1088 517 est
1111 452 1152 517 de
1177 452 1277 518 vitiis

655 566 833 632 orationis
845 568 882 652 1).

304 714 330 770 1.
362 707 452 784 Quae
475 704 562 789 apud
586 704 776 769 Diomedem
796 725 826 788 p.
848 710 1026 785 step-11
1051 705 1204 788 leguntur
1226 704 1335 787 dispo·

200 819 350 883 sitionem
387 818 554 882 continent
587 838 697 882 earum
738 839 865 896 rerum,
906 839 989 900 quae
1023 838 1127 900 usque
1164 817 1207 881 ad
1241 822 1334 896 4563

198 932 341 1014 scriptae
373 935 458 995 sunt.
510 932 614 1009 Quam
644 930 888 1014 dispositionem
919 930 1084 995 Diomedis
1113 929 1200 1013 apud
1238 929 1335 993 alium

198 1043 322 1108 nullum
355 1042 534 1107 invenimus
570 1043 828 1126 grammaticum.
873 1043 1003 1126 Reliqui
1036 1044 1122 1108 enim
1156 1042 1261 1126 primo
1295 1041 1335 1106 de

198 1155 404 1221 barbarismo
435 1144 475 1220 ¹et
505 1156 705 1236 soloecismo,
744 1161 815 1220 tum
851 1156 911 1236 „de
943 1156 1061 1221 ceteris
1091 1136 1196 1221 vitiis‘
1226 1159 1335 1238 agunt.

200 1267 295 1351 Apud
320 1266 511 1332 Diomedem
541 1289 617 1333 vero
647 1269 713 1333 tria
744 1269 911 1352 generalia
935 1269 1092 1334 orationis
1114 1269 1194 1333 vitia
1215 1267 1335 1353 discer-

200 1386 338 1460 nuntur,
379 1379 570 1460 obscurum,
602 1382 803 1462 inornatum,
834 1377 1031 1462 barbarum;
1060 1381 1197 1446 barbari
1227 1385 1336 1445 autem

202 1493 330 1576 generis
353 1492 478 1576 species
501 1498 576 1558 sunt
599 1494 691 1559 duae.

303 1605 398 1668 Hanc
421 1605 577 1689 optimam
592 1607 837 1690 dispositionem
860 1607 1049 1672 aDiomede
1070 1608 1234 1672 inventam
1257 1627 1337 1685 esse,

198 1739 239 1782 ne
271 1715 403 1795 credas,
442 1718 539 1782 velim
568 1720 723 1803 inspicias
752 1720 836 1784 haec
865 1719 965 1785 verba
994 1720 1185 1799 Quintiliani
1213 1720 1241 1802 (l
1271 1721 1335 1803 5,l)

275 1851 341 1893 cum
371 1835 466 1893 omnis
498 1837 597 1896 oratio
626 1842 690 1896 tres
720 1837 834 1898 babeat
854 1838 999 1909 virtuter,
1030 1843 1064 1896 at
1094 1838 1272 1907 emendato,
1305 1843 1337 1895 ut

200 1947 353 2018 dilucido,
387 1952 421 2005 ut
454 1953 565 2008 ornato
593 1950 634 2008 stt
738 1951 860 2010 totidem
892 1950 983 2021 citio,
1024 1966 1103 2024 quae
1136 1954 1209 2008 suot
1237 1965 1336 2023 supro

200 2059 289 2118 dictis
310 2060 479 2120 contrario.
523 2056 673 2120 Dilucido
691 2057 793 2140 igitur
808 2057 992 2137 obscurum,
1010 2058 1196 2122 inornatum
1211 2061 1336 2136 ornato,

199 2166 371 2231 emendato
404 2166 583 2232 barbarum
616 2188 717 2251 genus
753 2191 826 2233 cum
861 2171 1046 2254 oppositum
1077 2170 1135 2249 sit,
1168 2168 1335 2233 Diomedis

199 2278 444 2361 dispositionem
475 2280 713 2362 quodammodo
744 2303 817 2346 cum
848 2283 1037 2361 Quintiliani
1070 2287 1242 2366 cognatam
1265 2302 1335 2345 esse

198 2392 298 2455 vides.
351 2392 467 2474 ltaque
499 2392 689 2457 Diomedem
726 2394 813 2457 hanc
842 2394 1086 2479 dispositionem
1117 2416 1134 2458 e
1163 2394 1253 2458 fonte
1279 2394 1335 2458 illo

199 2504 420 2582 Quintilianeo
453 2505 628 2588 sumpsisse
657 2505 787 2585 credas,
818 2506 858 2570 de
889 2528 953 2589 quo
981 2507 1218 2571 Kummrowius
1240 2527 1270 2590 p.
1295 2512 1335 2571 36

199 2617 274 2698 egit.
324 2617 463 2680 Prorsus
494 2617 578 2681 enim
607 2618 691 2683 facio
722 2640 795 2682 cum
823 2620 1057 2699 Kummrowio,
1089 2619 1180 2684 cuius
1209 2624 1335 2684 senten-

198 2729 278 2792 tiam
315 2727 410 2792 iustis
446 2730 553 2794 causis
588 2731 668 2794 reici
698 2752 795 2814 posse
831 2753 925 2815 nego.
975 2732 1069 2811 Quod
1104 2737 1213 2797 autem
1249 2732 1336 2816 apud

200 2840 404 2906 Pauckerum
434 2840 555 2925 (kleine
582 2842 730 2927 Studien)
760 2867 791 2927 p.
817 2844 1013 2928 elegimus:
1041 2844 1142 2924 „aber
1165 2844 1277 2909 dano
1301 2866 1337 2908 er·

199 2953 279 3038 (scil.
312 2953 500 3037 Diomedes)
542 2953 603 3018 den
635 2956 814 3033 Quintilian
848 2957 1054 3022 ausschreibt
1084 2962 1185 3021 neunt
1215 2978 1250 3021 er
1279 2957 1335 3020 ibn

199 3064 324 3145 nicht“,
361 3065 458 3129 aliter
488 3067 568 3129 mihi
591 3066 754 3148 explicare
777 3088 842 3130 non
864 3089 997 3150 possum
1020 3090 1117 3150 quam
1139 3069 1224 3147 inde,
1249 3069 1336 3151 quod

199 3176 388 3242 Pauckerus
406 3178 495 3241 illam
515 3177 555 3241 de
576 3177 744 3242 Diomedis
765 3179 931 3244 latinitate
954 3180 1211 3263 disputationum
1234 3182 1335 3265 scrip-

199 3291 286 3367 serit,
309 3290 502 3372 priusquam
520 3290 731 3354 Kummrowii
753 3290 941 3356 dissertatio
966 3292 1173 3357 editafuerit.
1209 3294 1241 3357 ls
1265 3294 1335 3377 qui-

199 3401 273 3466 dem
310 3400 391 3465 fonti
427 3401 607 3485 prudenter
643 3424 681 3467 ac
716 3408 811 3468 caute
847 3426 964 3469 nomen
1000 3405 1112 3470 indere
1143 3427 1242 3470 ausus
1271 3426 1335 3470 non

199 3520 265 3594 est,
287 3535 346 3578 nos
361 3519 476 3595 postea
492 3515 653 3580 nonnullis
677 3517 876 3599 argumentis
894 3518 961 3581 nixi
983 3519 1187 3582 verisimilem
1211 3519 1348 3583 coniec-v

198 3632 307 3690 turam
329 3625 539 3708 proferemus.

302 3739 397 3803 Hunc
428 3744 537 3803 autem
569 3739 691 3804 fontem
717 3740 907 3805 Diomedem
940 3744 972 3806 in
1002 3744 1112 3827 priore
1145 3744 1261 3827 capitis
1295 3742 1334 3807 de

198 3851 285 3914 vitiis
310 3853 466 3915 orationis
495 3848 597 3934 parte'
609 3857 766 3934 tanquam
793 3853 908 3918 ducem
940 3860 1087 3919 secutum
1108 3876 1179 3919 esse
1209 3854 1334 3919 intelle-

200 3963 299 4044 gitur,
331 3962 417 4044 quod
453 3963 662 4028 obscuritatis
686 3971 777 4043 octo,
807 3967 977 4030 inornatae
1007 3967 1162 4031 orationis
1192 3968 1334 4048 quinque

303 4156 328 4221 1)
348 4152 527 4206 Collationem
546 4153 777 4220 disputationum,
806 4170 876 4222 quae
900 4155 974 4222 apud
992 4154 1166 4223 Diomedem,
1187 4156 1333 4225 Donatum,

199 4236 365 4307 Charisium,
388 4237 569 4292 sacerdotum
588 4237 713 4292 devitiis
734 4240 866 4292 orationis
888 4247 997 4306 extant,
1016 4241 1140 4294 invenies
1155 4260 1183 4309 p.
1202 4246 1236 4305 42
1255 4246 1334 4312 sqq.).
