3150 4642
695 237 911 298 ..42-

412 404 608 471 Sacerdos.

924 406 1100 473 Donatus
1123 408 1278 492 (394,25),

873 521 953 586 Gum
974 519 1180 586 barbarismo
1211 526 1245 586 et
1270 519 1373 586 soloe-

727 652 729 659 ’
832 633 931 698 cismo
960 633 1040 698 vitia
1068 632 1239 699 duodecim
1262 654 1372 698 nume-

831 751 947 810 rantur
972 744 1035 810 hoo
1061 745 1174 810 modo:
1206 744 1373 811 barbaris-

831 879 912 938 mus,
935 857 1145 923 soloecismus

831 948 1018 1056 asyrologia
1037 971 1262 1055 eaeenphaton
1285 970 1374 1054 pleo-

830 1104 963 1148 nasmus
981 1081 1195 1168 perissologia
1214 1083 1373 1148 macrolo-

775 1196 778 1203 ’
831 1196 886 1279 gia
906 1195 1089 1279 tautologia
1111 1194 1234 1280 ellipsis

280 2319 475 2405 Aoyrologia
512 2325 562 2386 est
599 2320 699 2385 diotio
730 2320 778 2384 in·

237 2433 466 2497 eonvenieuter
481 2437 514 2497 et
525 2433 692 2517 inproprie
703 2453 777 2517 pro·

236 2544 315 2625 lata,
338 2548 375 2613 ut
399 2548 449 2613 est
484 2608 487 2613 .
615 2611 618 2617 ,

301 3194 383 3253 tunc
405 3210 461 3270 epo
483 3194 511 3253 ri
532 3198 648 3254 tantum

236 3308 297 3385 pro
314 3302 444 3367 timere:
466 3287 694 3389 proprie'enim
708 3323 780 3386 spe-

237 3435 348 3479 ramus
370 3413 458 3480 bona
481 3414 632 3480 timemus
653 3415 749 3479 mala.

280 3526 514 3611 Caoeuphaton
528 3531 578 3592 est
591 3527 699 3592 oratio
711 3532 780 3592 tur·

237 3659 312 3723 pem
351 3639 620 3723 significationem
655 3637 780 3704 habens

236 3751 423 3835 iuturpibus
447 3751 564 3831 verbis,
589 3757 626 3816 ut

352 3870 439 3943 lepus
462 3874 524 3929 tute
547 3887 580 3929 es

238 3981 272 4052 et
294 3975 423 4047 Cicero:
441 3983 586 4063 filiusque
611 3982 677 4042 eius

1141 1533 1300 1617 tapinosis

871 1736 874 1743 .
1038 1645 1291 1730 cacosyntheton
1306 1667 1374 1709 am·

830 1758 985 1844 phibolia.

884 2322 1076 2406 Aoyrologia
1118 2326 1168 2386 est
1205 2321 1376 2405 inproprie

832 2434 942 2513 dictio,
964 2438 1002 2499 ut

875 3196 957 3254 hunc
980 3209 1036 3269 epo
1058 3195 1086 3252 si
1101 3195 1193 3268 potat
1215 3200 1234 3253 t.
1251 3211 1275 3251 r.
1296 3195 1325 3251 d.

833 3322 966 3386 sperare
988 3301 1070 3366 dixit
1091 3322 1152 3386 pro
1173 3301 1297 3366 timere.

832 3526 1063 3611 Gaoenphaton
1086 3532 1137 3591 est

947 3864 1089 3929 obscena
1111 3864 1307 3959 enuntiatio,¹
1324 3861 1376 3926 vel

832 3978 866 4040 in
893 3977 1072 4060 composita
1095 3976 1236 4041 dictione
1264 3974 1315 4039 vel
1340 3975 1375 4040 in

832 4109 896 4156 uno
918 4088 1028 4166 verbo,
1049 4094 1087 4153 ut
