3150 4642
629 207 878 307 4051-

540 378 611 459 Do
638 381 958 460 barbarismo

301 514 501 580 Diomedes
525 523 650 597 45131.
982 519 1159 583 Donatus.

247 625 476 693 Barbarismus
505 635 555 694 ost
577 630 677 695 dictio
698 631 744 696 vi·

203 740 296 805 tiosa.
327 745 376 805 ost
392 748 501 807 autem
522 742 667 808 definitio
690 766 743 828 go·

202 851 322 917 uenalis
346 860 379 920 ot
400 856 560 940 specialis.
584 834 641 921 seri
664 878 743 941 quo-

202 964 289 1029 niam
306 965 405 1031 diotio
422 973 456 1033 et
470 974 624 1034 contexta
638 970 743 1035 oratio

203 1083 235 1142 et
258 1101 323 1144 una
345 1101 422 1164 pars
442 1082 512 1146 eius
534 1080 743 1164 intellegitur,

202 1197 236 1255 et
258 1193 336 1275 quia
350 1193 550 1258 consuetudo
566 1193 653 1259 hunc
671 1200 743 1259 tau·

202 1309 271 1369 tum
306 1286 547 1372 barbarismum
586 1284 742 1392 appellat,

202 1418 257 1501 qui
272 1416 311 1482 fit
331 1418 366 1482 in
382 1440 448 1483 una
466 1424 561 1503 parto
576 1421 742 1500 orationis,

202 1531 310 1614 aptius
331 1535 441 1596 tamon
463 1531 528 1596 hao
543 1537 672 1597 utemur
688 1533 742 1598 de-

201 1641 363 1708 finitione:
385 1643 611 1709 barbarismus
634 1650 683 1710 ost
852 1644 1077 1710 barbarismus
1100 1651 1150 1711 est
1172 1667 1237 1711 uua
1259 1668 1336 1729 pars

252 1756 472 1821 enuntiatione
495 1756 546 1821 vel
568 1759 690 1842 scripto

201 1890 266 1933 una
298 1890 375 1953 pars
403 1869 561 1934 orationis
587 1877 742 1956 corrupta
795 1871 952 1935 orationis
974 1871 1091 1935 vitiosa
1119 1872 1152 1935 in
1175 1873 1336 1936 communi

203 2002 242 2045 ao
263 2002 323 2066 per
344 1982 407 2046 hoo
428 2004 492 2047 non
515 1981 626 2047 latina.
795 2003 951 2047 sermone.

244 2094 301 2160 sed
329 2094 392 2159 hoo
420 2094 535 2160 vitium
572 2096 606 2159 iu
635 2095 742 2161 soluta

200 2208 347 2272 oratione
368 2227 484 2272 nomon
497 2229 590 2272 suum
612 2210 741 2290 retinet,
794 2207 827 2270 in
839 2213 989 2291 poemate
999 2207 1233 2291 metaplasmus
1242 2208 1334 2272 item-

202 2324 344 2384 osterum
377 2318 464 2403 apud
494 2326 609 2403 poetas
639 2327 741 2386 meta·
794 2340 858 2401 que
888 2320 921 2383 in
949 2325 1062 2383 nostra
1091 2320 1234 2402 loquella
1260 2319 1334 2384 bar·

200 2429 343 2515 plasmus
363 2439 507 2510 vocatur,
531 2434 741 2498 soloecismus
794 2431 971 2511 barismus,
999 2433 1032 2496 in
1059 2433 1232 2516 peregrina
1258 2432 1334 2496 bar·

201 2548 310 2609 autem
340 2542 478 2608 schema.
517 2544 741 2611 barbarismus
793 2544 957 2608 baroloxis
996 2544 1130 2623 dicitur,
1162 2550 1199 2609 ut
1233 2545 1334 2627 siquis

201 2661 250 2721 est
271 2655 432 2721 barbaros
453 2655 550 2737 laxis,
578 2658 598 2721 i.
616 2679 642 2722 o.
664 2657 740 2723 bar·
794 2655 883 2720 disat
922 2661 1088 2739 mastruga
1122 2656 1228 2721 oatoia
1267 2679 1334 2721 ma-

199 2767 283 2833 bara
314 2768 422 2833 dictio.
457 2768 514 2834 ssd
544 2769 606 2834 hoo
627 2771 740 2835 vitium
792 2768 889 2850 galia.

199 2880 285 2947 inter
306 2902 341 2946 ss
363 2879 482 2962 differt,

214 2993 301 3076 quod
321 2992 545 3059 barbarismus
567 2994 601 3057 in
623 2994 726 3059 latina

200 3105 341 3171 diutione
360 3105 412 3187 fit,
443 3105 604 3171 barbaros
631 3111 740 3177 autem

199 3218 280 3283 lexis
303 3223 374 3284 tota
398 3219 572 3303 peregrina
594 3218 693 3283 dictio

794 3320 1018 3385 barbarismus
1034 3319 1071 3384 fit
1086 3319 1213 3384 duobus
1229 3320 1333 3385 modis

792 3432 1057 3518 pronuntiatione
1081 3438 1114 3498 et
1137 3433 1268 3518 scripto.

834 3545 885 3611 his
904 3545 1068 3630 bipertitis
1083 3551 1239 3630 quattuor
1261 3566 1333 3629 spe·

792 3659 858 3724 uias
874 3665 1109 3744 supponuntur,
1125 3659 1266 3724 adiectio
1278 3658 1333 3723 ds·
1391 3718 1403 3736 ,,

792 3773 911 3848 tractio
931 3772 1115 3837 immutatio
1133 3776 1332 3837 transmuta-

792 3885 838 3950 tio
860 3885 991 3951 littoraa
1013 3884 1159 3970 syllabae
1176 3885 1333 3968 temporis

575 4064 581 4083 ,
792 3998 861 4063 toni
886 3999 1125 4083 adspirationis.

198 4064 424 4136 barbarismus
445 4066 483 4135 fu
503 4076 601 4136 motis
619 4067 739 4154 princi·

199 4182 328 4267 palibus
357 4187 529 4267 quattuor:
558 4182 739 4246 adiectione

1085 4289 1101 4337 4
1111 4285 1126 4318 it
