3150 4642
630 177 905 286 aro-

329 396 401 461 Hoo
422 395 506 475 loeo,
528 400 566 460 ut
584 399 682 459 antea
703 396 747 479 (p.
773 397 827 479 17)
849 395 992 478 promisi,
1015 415 1122 478 panea
1143 394 1183 459 de
1200 393 1366 459 Consentii

201 515 298 597 ,arte
320 510 360 574 de
382 507 588 575 barbarismo
610 511 644 573 et
665 508 881 593 metaplasmo
903 507 1023 573 addam
1046 509 1111 593 (ap.
1133 506 1215 572 Keil.
1240 506 1277 588 V,
1302 512 1365 573 386

226 644 273 707 sq.
296 622 337 688 11.
358 621 505 687 Kummr.
525 643 556 705 p.
580 622 645 705 20).
1116 704 1124 710 ³

331 726 437 818 Atque
459 733 623 800 Consentii
649 737 753 798 artam
774 732 1018 817 perlegentibus
1039 732 1134 799 nobis
1157 730 1365 817 perspicuum

225 847 272 928 fit,
297 867 369 912 anm
393 844 608 931 complurium
637 845 924 929 grammaticorum
947 844 1186 929 disputationes
1208 847 1242 910 in
1264 847 1365 910 mani-

226 959 288 1025 bus
323 958 494 1039 habuisse,
532 979 591 1024 suo
629 963 738 1023 autem
777 957 907 1043 ingenio
942 957 1127 1042 iudicioque
1157 958 1365 1043 disposuisse,

227 1073 366 1153 auxisse,
388 1076 541 1137 mutasse.
584 1071 637 1136 Ita
654 1070 793 1156 exempli
810 1071 918 1155 gratia
934 1073 968 1137 in
992 1071 1113 1155 pagina
1137 1077 1199 1138 386
1220 1071 1261 1137 de
1283 1072 1364 1137 mul·

226 1188 269 1251 tis
297 1185 499 1267 diversisque
529 1182 770 1249 definitionibus
800 1205 893 1249 suam
921 1182 1105 1269 opinionem
1138 1184 1281 1268 profert3
1318 1185 1366 1249 ita

226 1321 257 1382 p.
280 1303 394 1378 solas
417 1300 531 1380 aperte
554 1300 668 1361 eontra
690 1296 904 1380 plurimorum
929 1297 1088 1362 rationem
1114 1302 1257 1380 pugnat3
1281 1318 1365 1381 quae

226 1409 328 1476 verba
351 1414 389 1474 ut
402 1406 628 1474 memorabilia
650 1429 829 1493 apponam:
853 1414 962 1490 inquo
984 1413 1123 1489 equidem
1144 1431 1205 1473 non
1226 1414 1365 1474 imitator
1422 1408 1424 1411 ’

228 1544 279 1588 eos
301 1526 482 1602 seruatores,
509 1527 562 1602 qui
582 1528 832 1602 exemplarem
855 1527 937 1587 modi
958 1526 1099 1586 uitiorum
1122 1527 1160 1587 de
1182 1528 1366 1587 auctoritate

227 1628 388 1701 lectionem
421 1640 500 1700 dore
521 1641 700 1711 voluerant;
734 1656 793 1715 qao
815 1655 854 1700 eo
876 1639 1016 1699 vitiorum
1035 1642 1127 1715 forto
1149 1646 1195 1699 est
1215 1632 1365 1716 confusio,
1467 1660 1470 1666 ·

227 1758 262 1813 ot
277 1768 383 1827 poene
404 1751 465 1813 ium
487 1768 573 1812 neruo
590 1751 758 1828 1111111111,
770 1752 859 1827 aquid
877 1751 1088 1812 barbarismus
1105 1752 1155 1823 eit,
1178 1752 1254 1828 quid
1274 1759 1364 1812 meto·

227 1866 382 1940 11111111,Ι
405 1881 474 1924 nom
490 1865 674 1939 pleramque
696 1864 751 1923 olii
769 1869 862 1939 atque
881 1864 945 1936 olii,
968 1864 1120 1924 interdum
1136 1865 1158 1924 ii
1174 1865 1235 1939 1111·
1257 1870 1286 1924 et
1306 1882 1365 1924 me-

229 1979 409 2052 taplasmum
440 1981 470 2037 et
498 1975 721 2037 barbarismum
754 1968 890 2037 dieentes
913 1977 1048 2037 eiusdem
1075 1977 1214 2037 iectionis
1238 1983 1365 2037 oranter

229 2089 394 2165 exemplis,
422 2105 518 2165 eoque
539 2095 651 2149 canoto
671 2090 873 2165 confundant.
919 2083 979 2149 His
1000 2082 1108 2149 verbis
1130 2084 1257 2165 eadem,
1282 2106 1365 2169 quae

228 2196 324 2261 modo
346 2218 405 2262 nos
420 2199 506 2282 (pag.
530 2197 585 2281 36)
607 2194 872 2280 vituperavimus,
895 2196 1053 2262 teohniois
1068 2198 1140 2263 iure
1158 2197 1237 2263 vitio
1258 2198 1365 2262 vertit.

331 2309 444 2375 Totius
467 2314 577 2374 antem
595 2307 677 2374 artis
695 2310 854 2375 rationem
876 2310 1094 2394 inspioientes,
1118 2331 1192 2375 eum
1213 2330 1278 2375 non
1297 2315 1365 2374 tam

227 2422 494 2488 commentarium
516 2423 551 2485 in
569 2442 666 2486 unam
690 2421 740 2487 vel
762 2421 862 2487 aliam
885 2420 989 2487 artem
1014 2422 1183 2507 scripsisse
1205 2421 1365 2506 intellegi·

227 2557 317 2615 mus,
348 2535 405 2600 sed
435 2556 493 2600 suo
515 2533 621 2600 Marte
643 2555 761 2599 novam
783 2535 1003 2619 composuisse
1026 2556 1044 2600 a
1064 2522 1264 2618 reliquorum
1287 2536 1365 2599 arti-

228 2646 444 2732 graphorum,
474 2668 532 2712 suo
562 2646 683 2711 11111111
712 2647 793 2712 vitia
823 2668 935 2712 eorum
965 2647 1205 2712 emendaturus.
1258 2649 1366 2727 Quare

228 2758 339 2824 multis
364 2758 445 2824 loeis
468 2780 540 2824 enm
570 2759 812 2842 areliqnorum
835 2759 984 2825 doctrina
1007 2766 1041 2825 et
1060 2759 1169 2825 verbis
1192 2759 1365 2825 dissentire

228 2875 479 2937 eonsentaneum
496 2875 555 2951 est,
577 2870 659 2951 aliis,
680 2870 736 2937 nbi
752 2871 839 2937 idem
862 2877 1018 2951 oenseret,
1041 2871 1142 2937 verba
1158 2873 1287 2956 integra
1310 2893 1365 2937 ex-

230 2982 407 3067 scripsisse.
