3150 4642
719 168 934 229 ..6,

260 340 288 405 11
318 337 572 404 Kummrowium
606 339 786 421 sequimur,
823 339 866 405 ad
895 339 981 404 hano
1009 340 1125 405 miram
1155 339 1403 423 complicatam-

261 475 324 539 que
346 454 541 528 sententiam
562 452 798 519 descendamus
819 474 952 519 necesse
976 457 1043 518 est:
1074 453 1156 519 duos
1183 452 1299 518 habuit
1320 452 1401 518 Dio·

260 567 370 633 medes
396 566 520 647 fontes,
551 586 690 650 quorum
719 566 805 632 alter
835 571 868 631 et
897 564 1120 632 definitionem
1149 565 1334 650 generalem
1364 571 1401 632 et

260 679 444 766 specialem,
466 678 550 744 alter
573 684 662 745 certe
681 679 858 764 specialem
875 678 1069 744 -fortasse
1091 679 1189 744 etiam
1213 679 1397 763 generalem

259 791 422 878 praebuit.
467 791 517 857 Ex
538 792 649 877 priore
671 793 772 875 igitur
786 791 1007 859 definitionem
1023 792 1209 876 generalem
1225 792 1399 876 descripsit

262 910 295 972 et
315 927 356 972 ea
377 904 495 985 verba,
528 904 647 989 quibus
677 905 830 990 specialis
860 903 1096 986 introducitur3
1125 904 1261 990 speciali
1288 910 1398 971 autem

260 1018 447 1085 definitione
467 1018 556 1102 ipsa,
588 1018 717 1102 qualem
747 1017 914 1103 inpriore
937 1000 1028 1084 fonte
1049 1019 1188 1098 invenit,
1224 1018 1399 1102 repudiata

261 1154 297 1198 se
318 1131 361 1197 ad
384 1131 524 1196 alterum
546 1129 669 1197 fontem
700 1131 854 1212 eontulit,
884 1131 977 1196 cuius
998 1130 1100 1197 verba
1119 1132 1230 1197 nescio
1250 1152 1309 1197 our
1330 1152 1398 1196 ma·

261 1245 310 1330 gis
333 1245 364 1310 ei
384 1243 578 1328 placuerint.

364 1357 409 1422 At
437 1377 636 1441 quamquam
662 1377 722 1440 pro
752 1361 843 1422 certo
866 1355 1025 1423 affirmari
1046 1378 1111 1423 non
1136 1361 1261 1441 potest,
1290 1358 1400 1422 omnia

259 1471 317 1536 illa
339 1471 510 1535 lemmata:
541 1476 580 1535 cte
595 1474 748 1549 prothesi,
772 1477 811 1536 de
833 1474 1000 1550 epenthesi,
1023 1471 1152 1555 reliqua
1173 1490 1238 1535 non
1261 1470 1303 1535 ab
1327 1472 1399 1555 ipso

215 1606 231 1651 a
260 1582 417 1649 Diomede
451 1582 509 1647 sed
530 1603 551 1647 a
572 1581 709 1648 librario
732 1582 846 1649 addita
876 1604 962 1663 esse,
994 1582 1078 1649 haec
1106 1582 1224 1664 verba,
1256 1589 1327 1648 item
1360 1590 1400 1649 de

261 1701 427 1777 aphaeresi
458 1695 528 1761 sine
560 1694 658 1760 dubio
689 1695 817 1761 librarii
848 1695 1016 1761 cniusdam
1046 1696 1203 1781 pravitati
1226 1696 1395 1761 debentur.

261 1809 344 1874 Nam
367 1829 472 1892 usque
492 1813 608 1888 444,33
635 1809 722 1873 inter
745 1808 929 1893 generalem
955 1813 987 1873 et
1009 1808 1185 1893 specialem
1207 1808 1398 1893 protheseos

262 1921 483 1987 definitionem
519 1921 638 1986 similia
666 1921 862 2005 interposita
892 1927 982 2001 sunt,
1021 1942 1117 2005 quem
1145 1921 1252 1986 locum
1286 1921 1399 1987 eodem

261 2033 357 2100 modo
381 2055 421 2100 ex
443 2033 571 2101 duobus
597 2033 742 2100 fontibus
770 2033 947 2100 conflatum
976 2055 1046 2100 esse
1068 2034 1307 2099 Kummrowius
1330 2035 1398 2118 opi-

260 2152 368 2227 natur,
378 2168 484 2230 neque
501 2147 629 2213 omissis
642 2148 706 2213 hoo
722 2147 795 2212 loco
812 2147 920 2212 verbis
937 2147 1115 2231 quidquam
1123 2150 1287 2211 mutatur:
1301 2147 1398 2211 immo

262 2265 334 2335 tum
355 2259 484 2325 demum
507 2260 615 2325 omnia
627 2260 727 2344 plana
748 2258 840 2341 fiunt,
862 2260 1057 2344 praesertim
1080 2260 1145 2324 ‘sic’
1167 2259 1331 2344 particula
1350 2261 1398 2323 in·

261 2378 363 2438 serta:
407 2376 596 2451 aphaeresis
626 2382 671 2437 est
701 2394 801 2452 nepae
828 2378 985 2454 peaeralis
1019 2378 1248 2453 metaplasmas,
1283 2378 1335 2453 pai
1364 2380 1402 2449 ht

257 2506 319 2564 per
350 2490 587 2563 detractionem
615 2493 673 2550 sest
700 2491 879 2565 specialiter
910 2491 956 2550 sic
989 2491 1187 2551 observater:
1218 2490 1399 2565 aphaeresis

262 2609 309 2662 est
336 2601 448 2663 ablatio
575 2597 647 2662 Hoo
675 2616 758 2663 oum·
776 2598 849 2663 loco
879 2619 899 2662 a
934 2598 1028 2663 nobis
1059 2599 1211 2663 restituto
1251 2598 1400 2663 conferas

261 2711 453 2795 protheseos
482 2709 666 2793 generalem
696 2715 730 2776 et
760 2711 935 2794 specialem
965 2709 1185 2777 definitionem
1213 2711 1300 2795 apud
1323 2711 1399 2775 Dio·

261 2823 388 2888 medem
417 2828 584 2888 exstantss
620 2828 652 2888 et
689 2823 772 2888 haec
804 2824 945 2889 Charisii
973 2824 1090 2889 verba:
1136 2830 1324 2904 aphaeresis
1355 2833 1401 2887 est

262 2958 360 3017 aecae
386 2941 544 3023 petieratis
574 2943 807 3015 metaplasmas,
849 2942 901 3017 pai
927 2945 963 3014 fit
988 2958 1050 3016 per
1079 2944 1313 3016 detractionem,
1345 2942 1402 3001 sed

261 3055 439 3130 specialiter
461 3054 506 3113 sic
527 3053 717 3114 ohservatar.
763 3048 877 3115 Nonne
908 3050 981 3114 luce
1012 3050 1131 3115 clarius
1159 3055 1209 3115 est
1229 3050 1400 3115 librarium

263 3161 425 3246 quendam
448 3162 614 3227 Diomedis
637 3167 741 3227 artem
764 3162 1003 3228 describentem
1031 3162 1083 3228 vel
1112 3163 1305 3246 magistrum
1329 3182 1399 3226 eam

243 3272 296 3340 'iu
327 3275 446 3340 scholis
477 3274 687 3340 adhibentem
714 3275 790 3340 iude
818 3296 838 3339 1
862 3275 1029 3340 Diomedis
1058 3275 1183 3340 verbis:
1218 3279 1400 3354 aphaeresis

263 3398 308 3453 est
330 3392 443 3452 ablatio
535 3387 672 3452 alteram
694 3387 913 3452 definitionem
928 3388 1071 3470 incipere
1094 3394 1203 3452 ratum
1224 3388 1399 3453 inseruisse

262 3500 364 3567 verba
394 3506 464 3564 itera
494 3507 532 3565 de
560 3507 746 3579 aphaeresi?
796 3500 888 3580 Quod
923 3505 1032 3565 utrum
1063 3499 1150 3565 idem
1179 3501 1310 3581 fecerit,
1345 3500 1400 3584 qui

261 3614 389 3696 reliqua
411 3612 543 3696 scripsit
563 3613 727 3693 lemmata,
751 3635 794 3678 an
816 3613 916 3693 alius,
939 3635 1045 3697 neque
1066 3614 1143 3678 sciri
1163 3619 1274 3698 potest
1295 3633 1400 3696 neque

264 3726 442 3811 quidquam
466 3726 549 3791 scire
581 3724 691 3792 refert.
715 3728 873 3806 -Quae
900 3747 974 3790 cum
1002 3727 1050 3791 ita
1071 3727 1136 3791 sint
1158 3726 1314 3791 hocloco
1336 3746 1401 3790 nou

263 3840 362 3906 alium
384 3839 516 3919 fontem,
537 3838 594 3904 sed
616 3830 885 3922 interpolatorem
906 3839 1180 3922 investigavimus.

366 3951 490 4017 Deinde
514 3958 602 4016 certe
616 3952 799 4018 mirandum
823 3958 882 4031 est,
904 3950 991 4035 quod
1007 3951 1096 4035 apud
1113 3951 1302 4016 Diomedem
1325 3955 1401 4036 post

261 4065 472 4150 paralepseos
503 4064 715 4130 difinitionem
744 4085 940 4149 paragoges,
972 4085 1056 4147 quae
1088 4064 1202 4129 eadem
1229 4069 1400 4147 astatque

260 4177 327 4256 illa,
349 4176 495 4260 legimus.
540 4178 612 4256 Qua
640 4178 673 4241 iu
704 4198 739 4242 re
775 4177 875 4242 etiam
895 4176 1133 4241 Kummrowius
1157 4180 1200 4262 (p.
1228 4175 1399 4260 1111111-
