3150 4642
667 220 881 280 -51-

371 387 581 452 Diomedes

249 506 282 563 et
303 500 417 564 vitium
437 500 471 563 in
494 503 649 564 contextu
670 521 746 584 par·

203 612 284 677 tium
299 613 455 677 orationis
471 618 585 681 contra
600 612 746 695 regulam

204 727 285 789 artis
305 726 539 808 grammaticae
563 725 694 804 factum,

249 950 282 1014 id
313 957 363 1015 est
389 972 454 1015 non
478 950 670 1015 conveniens
693 970 745 1015 ra-

203 1063 283 1127 tioni
312 1064 470 1128 sermonis
500 1064 653 1128 iunctura
675 1081 746 1126 ver*

203 1175 327 1240 borum.

203 1409 360 1491 55554.Ι
643 1485 645 1488 y

246 1517 331 1580 inter
353 1514 578 1579 soloecismum
610 1521 643 1580 55
669 1515 744 1581 bar-

203 1628 380 1693 barismum
404 1627 466 1691 hoc
488 1628 632 1708 interest,
658 1628 745 1710 quod

246 1740 455 1806 soloecismus
467 1741 500 1804 in
512 1739 660 1823 pluribus
668 1763 744 1824 par·

197 1842 293 1940 =tibus
327 1853 364 1916 fit
397 1858 431 1917 et
459 1853 682 1938 discrepantes
712 1858 745 1916 et

185 1966 473 2048 inconsequentes
501 1965 588 2030 inter
618 1987 653 2029 55
678 1965 744 2029 dic·

201 2079 306 2141 tiones
328 2078 437 2158 habet,

244 2189 468 2254 barbarismus
492 2195 600 2254 autem
623 2190 656 2253 in
679 2211 744 2253 una

203 2307 236 2366 et
257 2303 290 2365 in
313 2301 419 2366 soluto
442 2322 598 2367 sermone.

202 2862 328 2943 45555.
465 2938 468 2943 ⁴

245 2975 376 3057 quidam
413 2976 558 3041 adiciunt
594 2977 743 3060 quintum

201 3087 378 3168 decimum,
410 3088 466 3171 qui
496 3094 614 3172 putant
643 3088 742 3152 etiam

200 3200 234 3263 in
264 3221 329 3264 una
361 3206 456 3283 parte
486 3200 643 3265 orationis
671 3198 743 3265 fieri

201 3310 440 3392 soloecismum,
468 3314 495 3376 si
517 3313 743 3377 inconvenien-

200 3422 337 3505 tertiat,
365 3424 393 3488 si
416 3424 674 3489 demonstrantes
697 3426 742 3489 ri·

162 3573 164 3577 ,
201 3559 273 3602 rum
296 3537 399 3602 ‘hanc'
418 3536 563 3601 dicamus
578 3543 636 3602 aut
651 3537 742 3601 femi-

200 3670 275 3714 nam
299 3648 412 3728 ‘hunc’,

244 3767 302 3826 aut
317 3763 344 3827 si
359 3763 574 3846 interroganti
590 3783 654 3855 quo
668 3783 742 3846 per-

203 3894 316 3955 gamus
338 3874 593 3957 respondeamus
609 3874 741 3954 Romae,

244 3991 302 4051 aut
314 4007 413 4050 unum
426 3985 606 4050 salutantes
619 3985 741 4050 salvete

200 4097 355 4178 dicamus
379 4119 450 4162 cum
474 4098 586 4181 utique
608 4118 741 4181 praece-

939 386 1145 452 Charisius.

798 838 906 921 (anon.
929 837 1023 902 Char.
1046 836 1184 923 267‚23).

842 950 1050 1015 soloecismus
1074 956 1124 1015 est
1144 971 1207 1014 non
1226 950 1339 1015 conve·

798 1063 889 1127 niens
909 1063 1029 1127 rationi
1046 1064 1203 1127 sermonis
1227 1064 1340 1128 verbo·

746 1224 750 1229 .
798 1197 870 1240 rum
891 1175 1052 1241 iunctura.

798 1401 1008 1487 (5555501555.
1018 1401 1057 1465 de
1068 1401 1198 1466 barber.
1209 1407 1338 1487 26612)

839 1516 925 1578 inter
955 1513 1195 1578 barbarismum
1225 1520 1258 1579 55
1287 1536 1338 1579 55-

795 1624 984 1691 loecismum
1006 1626 1069 1690 boc
1083 1612 1227 1706 interest,
1250 1628 1338 1710 quod

840 2185 1063 2254 barbarismus
1074 2191 1107 2254 in
1123 2190 1258 2271 singulis
1269 2212 1339 2255 ver·

796 2300 847 2365 bis
876 2301 913 2365 fit
938 2302 972 2364 in
1002 2323 1195 2385 quocunque
1226 2303 1338 2381 ordine

797 2419 912 2478 contra
934 2435 1057 2478 morem
1080 2414 1278 2494 Latinitatis

840 2525 1049 2591 soloecismus
1075 2534 1184 2592 autem
1208 2527 1338 2609 quando

796 2637 1019 2722 discrepantes
1048 2640 1134 2704 inter
1162 2661 1196 2704 se
1222 2640 1337 2704 dictio-

795 2771 852 2814 nes
875 2750 976 2815 habct
998 2751 1134 2837 (oratio).

796 2861 916 2926 Comiu.
942 2868 1066 2943 2ss7‚20.

839 2974 952 3040 dieunt
973 2975 1105 3058 quidam

796 3309 1021 3376 soloecismum
1045 3317 1078 3377 55
1099 3312 1132 3376 in
1155 3333 1219 3377 uno
1236 3313 1336 3378 verbo

795 3422 884 3503 fieri,
923 3430 960 3488 ut
1001 3425 1029 3488 si
1071 3425 1143 3508 quis
1183 3426 1336 3491 feminam

796 3537 948 3602 ostendat
970 3543 1003 3602 et
1025 3537 1113 3603 dicat
1136 3538 1217 3620 ‘bic’3

838 3985 894 4050 sed
917 3983 1168 4070 intellegendum
1189 3994 1240 4053 est
1259 3987 1335 4053 huic

795 4096 929 4161 dictioni
952 4099 1101 4164 accidere
1132 4099 1334 4165 demonstra·
