3150 4642
539 626 568 687 3.
613 621 687 685 De
710 624 1001 688 soloecismO.

307 811 431 877 Summi
462 811 617 876 momenti
645 817 697 877 est
719 811 907 891 enucleare,
937 815 1018 895 quot
1038 811 1073 877 in
1095 811 1203 895 eapite
1224 811 1264 876 de
1287 832 1338 877 so-

201 925 356 991 loecismo
383 924 618 991 conscribendo
641 923 809 990 Charisius
836 925 881 1009 (p.
909 925 1199 1008 neuls-atoue)
1233 923 1338 989 fontes

202 1038 237 1102 in
265 1060 360 1104 usum
390 1037 564 1103 vocaverit.
616 1037 700 1103 Nem
730 1059 802 1103 eum
832 1037 957 1124 primus
986 1043 1120 1118 auctor,
1150 1037 1202 1102 cui
1230 1038 1339 1103 omnia

202 1150 278 1216 inde
302 1173 323 1216 a
345 1139 620 1231 neate-muas
636 1150 807 1231 debentur,
829 1149 1036 1216 Cominianus
1059 1150 1111 1231 sit,
1131 1148 1265 1229 Keilius,
1288 1171 1338 1216 re·
1373 1223 1377 1230 ,

201 1263 293 1347 lique
322 1269 432 1329 utrum
460 1263 517 1328 uni
543 1284 584 1327 an
615 1262 742 1329 duobus
765 1262 941 1329 tribuenda
963 1263 1043 1343 sint,
1072 1262 1211 1328 dubitat.
1256 1261 1340 1328 Nam

204 1375 246 1443 ad
269 1381 363 1457 2683
385 1375 468 1441 haee
491 1381 640 1457 annotat3
670 1381 934 1442 transmutationis
957 1382 1113 1457 exempto,
1139 1382 1231 1456 quote
1252 1380 1339 1456 infru
1373 1356 1376 1358 v

120 1571 122 1579 y
202 1512 233 1574 p.
255 1495 371 1568 270,20
395 1494 532 1570 positum
553 1499 616 1566 eet,
646 1494 755 1554 omisso
784 1500 839 1555 cut
866 1493 1038 1554 uberiorem
1067 1495 1106 1555 de
1134 1493 1340 1554 immutatione

203 1607 438 1682 disputationem
465 1606 649 1681 interposuit
671 1607 909 1683 psammeticus,
937 1612 992 1666 aut
1019 1606 1141 1667 tertium
1170 1606 1339 1666 soloecismi

202 1720 422 1794 definitionm,
453 1719 487 1780 id
509 1720 591 1795 quod
610 1721 708 1797 mu'pis
729 1719 847 1799 probo,
869 1736 936 1780 cunr
958 1719 1096 1780 secundo
1119 1719 1340 1795 complutinunit

201 1830 358 1892 librarius.

304 1939 467 2022 Equidem
486 1939 596 2005 faeere
625 1961 689 2006 non
720 1962 871 2026 possum,
901 1940 980 2026 quin
1009 1938 1051 2004 ab
1080 1938 1144 2003 hae
1174 1938 1338 2005 sententia

200 2051 374 2117 discedam.

305 2165 388 2230 Nam
410 2166 552 2250 primum
574 2166 615 2247 si,
638 2187 737 2250 quam
759 2165 978 2246 Quintilianus
1000 2165 1033 2230 in
1056 2164 1276 2250 disputatione
1297 2164 1337 2229 de

202 2279 391 2344 soloecismo
415 2278 566 2346 adhibuit
589 2278 833 2364 dispositionem
855 2279 902 2364 (Ι,
930 2278 1119 2363 uae-54),
1148 2277 1338 2361 inspexeris,

172 2454 175 2460 .
201 2390 326 2457 ridebis
355 2392 441 2457 hane
467 2414 555 2472 esee,
584 2397 622 2457 ut
641 2391 883 2476 quadripertita
906 2394 937 2478 (ξ
961 2393 1016 2476 38)
1039 2390 1222 2457 soloecismi
1251 2389 1337 2454 ratio

202 2509 388 2585 statuatur,
413 2509 450 2570 ut
471 2505 531 2569 liat
552 2504 734 2575 adiectione
760 2503 962 2570 detractione
984 2504 1257 2569 transmutatione
1278 2502 1337 2567 im-

201 2615 398 2699 mutatione;
428 2617 641 2682 immutentur
670 2622 780 2682 autern
803 2616 987 2682 accidentia
1008 2615 1159 2700 partibus
1181 2613 1338 2681 orationis

201 2730 233 2814 (i
254 2731 310 2814 41)
333 2734 367 2794 et
388 2730 479 2814 ipsae
501 2735 613 2815 partes
636 2729 793 2796 orationis
814 2731 846 2815 (ᾖ
869 2730 934 2813 48).

304 2844 395 2922 Quae
424 2842 540 2907 eadem
566 2842 744 2927 ‘dispositio
771 2841 860 2927 apud
889 2841 1115 2908 Charisianum
1142 2862 1337 2928 anonymum

201 2958 307 3034 extat,
337 2954 393 3037 qni
421 2955 495 3039 pari
525 2976 659 3038 prorsus
689 2954 802 3036 modo,
835 2959 935 3038 atque
963 2954 1196 3035 Quintilianus,
1223 2955 1338 3038 paucis

202 3065 242 3131 de
264 3065 461 3147 adiectione,
490 3066 532 3131 de
553 3066 773 3147 detractione,
796 3066 837 3132 de
859 3066 1149 3147 transmutatione,
1174 3065 1337 3133 uberrime

201 3178 241 3243 de
263 3178 489 3245 immutatione
510 3177 585 3263 egit.

303 3292 342 3356 In
356 3290 412 3356 illo
430 3295 727 3369 „trunsmutntione“
749 3292 794 3376 (p.
815 3294 923 3376 2683)
946 3290 1059 3356 vitium
1072 3291 1177 3357 latere
1190 3291 1336 3373 videtur,

201 3403 484 3469 transmutationis
510 3403 605 3484 euim,
632 3425 698 3488 qua
721 3410 759 3470 ut
779 3404 828 3470 ait
845 3402 1123 3490 Quintilianus·(l,
1147 3406 1233 3489 5,39)
1256 3402 1336 3470 ordo

201 3515 371 3596 turbatur,
401 3521 514 3600 aptum
545 3515 728 3600 exemplum
755 3515 788 3581 in
815 3515 880 3582 fine
909 3516 1010 3583 totius
1039 3517 1156 3602 eapitis
1179 3517 1337 3602 scriptum

202 3633 270 3708 est,
300 3628 363 3694 hoe
389 3627 462 3694 loco
484 3650 549 3693 non
570 3633 677 3709 extut3
707 3649 809 3712 quere
836 3635 1215 3707 „trunsmututione“·aut
1242 3629 1338 3714 lapsu

201 3740 319 3805 calami
348 3761 388 3805 ex
419 3746 668 3818 „immututione“
702 3746 891 3826 corruptum
922 3748 987 3823 est,
1024 3748 1082 3808 aut
1114 3742 1230 3828 (quod,
1264 3764 1337 3808 cum

199 3853 332 3919 iteratio
361 3852 453 3918 verbi
481 3851 544 3918 hoe
573 3873 638 3918 uno
667 3852 739 3918 loeo
771 3859 861 3920 certe
887 3855 971 3919 mira
999 3860 1102 3934 esset,
1131 3854 1236 3938 magis
1258 3856 1338 3921 mihi

199 3953 325 4049 planet)
347 3986 368 4029 a
389 3964 539 4046 librario,
561 3965 616 4048 qui
638 3964 757 4031 abhinc
779 3967 1084 4032 transmutationem
1108 3968 1246 4033 tractari
1268 3969 1337 4053 opi-

200 4081 351 4158 naretur,
382 4077 492 4161 inepte
516 4076 664 4143 additum
683 4084 741 4144 est.
785 4079 902 4162 Itaque
928 4078 969 4143 de
990 4078 1109 4144 lacuna
1130 4077 1299 4162 archetypi
1311 4079 1336 4162 ¹)

305 4270 330 4336 1)
349 4265 531 4322 continuatur
550 4280 612 4333 pag.
631 4266 672 4320 64.
