3150 4642
611 231 826 292 „17-

239 401 343 463 Hunc
368 401 453 464 enim
475 420 544 463 esse
568 399 714 462 codicum
730 398 887 476 ordinem,
910 398 995 462 unde
1019 397 1169 461 videlicet
1191 396 1284 461 nobis

127 512 421 595 proficiscendum
445 517 506 590 est,
542 531 581 574 ex
604 510 702 574 Keilii
726 509 990 574 annotationibus
1014 509 1055 573 ad
1080 532 1111 593 p.
1135 515 1229 588 leae
1254 514 1286 573 et

125 647 159 707 p.
183 630 251 688 447
255 631 307 704 ,ll
336 625 526 704 discismus3
547 644 652 705 neque
673 622 776 687 solum
793 622 847 686 ille
860 622 1034 705 syllepseos
1056 622 1284 700 definitionem,

125 741 167 801 ut
195 738 267 800 iam
293 737 538 802 Kummrowius
566 735 630 819 (vel
652 735 874 816 Kiesslingius.
903 733 942 797 cf.
970 739 1078 798 annot.
1104 740 1142 798 57
1174 756 1204 817 p.
1229 736 1284 817 37)

126 855 258 929 monet,
284 850 349 914 sed
373 851 471 914 etiam
494 847 746 913 homoeoteleuti
769 847 853 910 male
876 847 1085 930 transposuit.

235 963 336 1040 Quae
355 969 463 1026 autern
479 966 634 1043 quattuor
647 961 723 1024 illae
738 959 941 1024 definitiones
959 959 1141 1023 communia
1153 957 1285 1037 habent,

126 1075 218 1138 haec
235 1080 337 1139 sunt:
360 1076 520 1159 primum
537 1073 684 1155 exemplo
699 1093 762 1136 non
776 1071 887 1135 addito
896 1071 1122 1154 proferuntur3
1146 1070 1285 1134 deinde

127 1187 375 1272 hypozeuxeos
391 1192 424 1251 et
440 1186 623 1272 syllepseos,
632 1184 853 1266 homoeoptoti
866 1189 898 1247 et
911 1183 1162 1247 homoeoteleuti
1174 1183 1285 1248 delini-

128 1301 246 1364 tiones
273 1300 475 1364 coniunctim
496 1299 545 1362 ita
565 1298 706 1382 scriptae
719 1302 803 1376 sunt,
827 1302 864 1361 ut
878 1295 1008 1360 illarum
1019 1296 1124 1360 altera
1135 1301 1210 1359 ante
1224 1295 1285 1379 syl-

130 1411 286 1496 lepseoS,
319 1412 437 1476 harum
466 1411 572 1475 altera
594 1415 669 1474 ante
689 1408 942 1491 homoeoteleuti
962 1407 1081 1471 lemma
1102 1408 1211 1491 posita
1233 1409 1284 1486 sit,

133 1526 186 1588 ita
209 1530 252 1588 ut
284 1526 374 1589 inter
400 1545 434 1587 se
465 1529 536 1587 arte
558 1523 750 1586 coniunctae
780 1542 801 1585 a
823 1520 957 1602 reliquis
981 1526 1089 1584 autem
1113 1525 1286 1603 separatae

134 1637 332 1701 videantur.
377 1637 471 1699 Tum
501 1673 543 1681 —
576 1634 663 1716 quod
684 1635 717 1696 in
740 1632 830 1697 nulla
859 1632 924 1695 alia
955 1632 1078 1696 factum
1107 1633 1287 1696 invenimus

135 1787 181 1795 „
206 1750 346 1813 illarum
369 1748 472 1832 priori
495 1747 609 1811 Scauri
633 1767 749 1810 nomen
779 1746 936 1809 insertum
960 1750 1023 1822 est,
1046 1742 1162 1809 harum
1185 1747 1287 1828 priori

140 1867 217 1925 item
240 1862 478 1946 praepositum.
524 1860 714 1941 Denique
737 1859 882 1942 (praeter
909 1856 1072 1940 asyndeti,
1101 1857 1141 1921 de
1164 1879 1228 1940 qua
1252 1865 1288 1921 nt

138 1974 257 2039 verbis
285 1973 532 2056 corruptissima
554 1971 607 2056 (cf.
626 1971 700 2035 Keil
724 1992 797 2034 ann.
820 1971 890 2055 orit.
914 1969 1008 2051 adp.
1032 1972 1150 2051 445,5.)
1172 1977 1288 2053 postea

138 2086 221 2170 [vid.
256 2085 346 2150 infra
382 2106 455 2167 pag.
488 2085 541 2169 19]
578 2084 755 2166 separatim
785 2082 886 2147 verba
920 2081 1052 2163 faciam)
1087 2081 1206 2146 lemma
1235 2083 1287 2146 his

139 2197 394 2263 definitionibus
416 2197 516 2261 deest.
562 2197 669 2274 Quare
692 2196 758 2258 iarn
780 2193 1017 2258 Kummrowius
1041 2194 1229 2258 Diomedem
1249 2194 1286 2258 il-

142 2311 195 2375 las
221 2333 266 2376 ex
290 2311 354 2374 alio
377 2310 465 2374 fonte
489 2310 664 2392 sumpsisse
688 2313 798 2371 censet
818 2308 864 2392 (in
887 2305 1001 2371 ultima
1022 2327 1095 2389 pag.
1120 2310 1183 2389 37).

256 2423 327 2487 Hoc
350 2444 414 2487 non
437 2421 620 2486 concedam.
673 2421 742 2483 Iam
773 2425 870 2483 antea
897 2420 940 2502 (p.
966 2422 998 2502 6)
1021 2419 1194 2483 verisimile
1217 2440 1287 2484 esse

144 2537 300 2613 vidimus,
323 2535 477 2599 lemmata
500 2532 542 2597 ab
563 2532 798 2615 interpolatore
822 2553 893 2596 esse
916 2531 1037 2596 addita.
1082 2532 1166 2610 Quin
1190 2534 1286 2596 etiarn

145 2650 174 2712 si
198 2648 375 2712 Diomedes
397 2647 466 2730 ipse
491 2666 530 2710 ea
553 2645 772 2729 adscripserit,
796 2644 960 2726 quidhoc
983 2643 1025 2706 ad
1048 2642 1169 2708 fontem
1193 2646 1286 2708 eius?

145 2761 267 2824 Nonne
290 2759 389 2824 etiam
412 2759 599 2824 Sacerdotis
628 2764 660 2822 et
683 2757 822 2822 Charisii
855 2755 1058 2820 definitiones
1090 2756 1287 2840 prolepseos,

149 2873 413 2957 paronomasiae,
432 2871 663 2955 homoeoptoti,
678 2870 784 2947 hirmi,
807 2868 1010 2953 polysyndeti
1027 2888 1099 2931 cum
1117 2890 1156 2932 ex
1176 2869 1288 2934 eodem

149 3007 208 3051 eas
232 2985 364 3049 fluxisse
387 2984 542 3066 primario
565 2983 654 3046 fonte
680 2983 713 3044 in
736 2981 912 3064 propatulo
934 2981 993 3058 sit,
1022 2985 1135 3044 carent
1155 2980 1288 3046 lemma·

149 3098 266 3163 tibus?
318 3098 365 3159 Ac
396 3116 436 3158 ne
468 3094 540 3176 quis
570 3093 672 3170 dicat,
713 3091 896 3155 Charisium
926 3091 1048 3155 fontem
1077 3092 1110 3154 in
1139 3094 1288 3158 manibus

150 3209 308 3274 habuisse
337 3205 544 3270 lemmatibus
575 3209 754 3284 carentem,
785 3202 993 3267 Sacerdotem
1017 3203 1116 3267 talem
1145 3204 1288 3291 descrip-

152 3322 244 3400 sisse,
273 3319 328 3385 ubi
350 3319 504 3383 lemmata
531 3317 698 3399 adscripta
718 3315 848 3380 luerint.
894 3315 957 3379 Res
980 3316 1064 3380 enim
1087 3317 1199 3382 eadem
1223 3325 1288 3384 est:

153 3435 217 3498 fuit
240 3434 308 3497 sine
331 3430 538 3498 lemmatibus
564 3431 687 3514 scripta
717 3450 787 3506 ars,
822 3430 872 3492 oui
901 3429 1010 3493 nescio
1041 3430 1113 3511 quis
1135 3429 1289 3497 lemmata

155 3546 312 3610 adiunxit.
357 3545 441 3623 Quin
471 3545 568 3608 etiarn
599 3545 669 3627 ipse
692 3547 806 3606 contra
832 3562 866 3606 se
889 3548 1014 3625 pugnat
1035 3542 1288 3624 Kummrowius3

154 3679 229 3722 nam
257 3657 396 3740 exempli
428 3658 534 3739 gratia
561 3655 726 3719 Diomedis
757 3659 790 3718 et
811 3654 932 3719 Donati
964 3654 1150 3738 anaphoras
1177 3654 1289 3719 defini-

154 3771 268 3849 tiones,
292 3791 332 3833 ex
355 3768 468 3833 eodem
484 3768 620 3832 haustas
644 3789 714 3832 esse
731 3767 907 3847 contendit,
931 3788 1069 3849 quarum
1085 3766 1190 3830 altera
1211 3768 1285 3832 lem·

154 3903 209 3945 ma
230 3902 294 3945 non
316 3881 426 3962 habet,
449 3881 554 3944 altera
569 3879 678 3944 habet.
724 3881 832 3958 Quare
855 3880 954 3956 casui,
978 3896 1042 3943 non
1065 3878 1208 3943 fontibus
1230 3881 1288 3944 tri·

155 3993 320 4057 buendum
338 3993 390 4057 vel
404 3994 512 4076 potius
529 3993 781 4074 uniuscuiusque
799 3990 1004 4072 grammatici
1018 3989 1178 4069 licentiae,
1202 3994 1289 4073 quod

157 4105 244 4190 apud
267 4104 467 4169 Diomedem.
485 4105 640 4169 lemmata
663 4109 793 4180 extant,
826 4103 913 4186 apud
936 4102 1099 4165 Donatum
1123 4108 1156 4166 et
1176 4103 1289 4168 Chari-

156 4220 238 4283 sium
262 4218 387 4283 desunt.
433 4219 585 4281 Attamen
610 4221 699 4279 recte
724 4216 947 4278 contendimus
972 4219 1127 4295 quattuor
1146 4215 1210 4279 illis
1234 4218 1288 4280 de·

1068 4319 1083 4366 2
