3150 4642
713 220 929 287 „14-

357 395 405 460 De
429 391 614 477 synahphes
629 393 816 460 defiuitione
838 394 920 460 haec
941 396 1040 460 etiam
1058 400 1226 460 annotem:
1259 395 1388 480 Nequa-

253 527 350 590 quam
382 508 548 574 Diomedis
579 505 757 592 disputatio
788 527 861 572 eam
891 505 992 572 habet
1020 506 1175 587 formam,
1205 512 1242 573 ut
1270 528 1342 574 eam
1370 530 1388 574 e
1443 545 1448 553 ·

252 618 372 684 Donati
404 626 437 685 et
465 620 604 686 Charisii
634 619 779 685 fontibus
809 618 983 685 conflatam
1014 640 1085 686 esse
1116 620 1227 703 aliqua
1260 620 1387 686 ratione

251 737 397 799 statuere
426 733 596 817 possimus,
647 733 731 799 Nam
768 732 898 798 etiamsi
929 738 1016 799 esset
1046 732 1219 799 verisimile
1249 733 1387 800 Charisii

250 845 372 911 fontem
395 845 477 912 haec
497 846 667 913 habuisse:
701 844 889 932 „synaliphe
912 851 963 912 est
985 867 1057 912 eum
1084 845 1223 912 duarum
1244 847 1331 913 inter
1352 871 1387 914 se

251 958 512 1025 concurrentium
529 959 689 1024 vocalium
712 958 818 1024 altera
841 958 993 1025 eliditur“
1014 959 1123 1043 ipsum
1145 963 1254 1024 autem
1273 959 1386 1026 Chari-

250 1072 332 1137 sium
355 1071 456 1137 verba
474 1078 627 1152 mutasse,
644 1071 734 1138 nulla
754 1073 882 1138 ratione
896 1071 1068 1156 reprobari
1087 1077 1198 1156 potest
1216 1074 1385 1153 sententia,

249 1183 443 1250 vocabulum
466 1185 597 1266 „elisio“
628 1184 709 1269 (sire
738 1190 775 1251 ut
806 1183 898 1251 codd.
921 1182 1045 1251 habent
1066 1184 1205 1271 collisio)
1232 1186 1331 1252 stiam
1352 1187 1386 1251 in

249 1296 388 1362 Charisii
410 1297 499 1363 fonte
524 1298 686 1378 extitisse,
708 1299 862 1363 omissum
887 1302 997 1363 autern
1019 1318 1090 1365 esse
1112 1297 1269 1365 hocloco
1293 1299 1344 1364 vel
1365 1318 1386 1363 a

249 1409 396 1475 Charisio
418 1410 470 1476 vel
491 1431 512 1476 a
532 1410 668 1476 librario
685 1410 763 1491 eius,
785 1416 824 1476 ut
846 1431 975 1494 semper
987 1410 1124 1476 latinam
1142 1412 1252 1496 graeci
1275 1412 1385 1496 appel-

248 1522 381 1588 lationis
403 1524 584 1589 versionem
607 1524 724 1590 omisit.
768 1523 889 1588 Postea
919 1528 1029 1589 autem
1060 1524 1133 1590 aliis
1159 1523 1240 1590 locis
1262 1524 1385 1591 videbi-

248 1656 319 1701 mus
340 1636 426 1701 hanc
442 1635 581 1701 Charisii
605 1636 810 1702 exscribendi
832 1635 939 1702 fontes
962 1635 1062 1702 fuisse
1079 1637 1240 1702 rationem
1260 1643 1305 1719 ut,
1329 1637 1384 1703 de·

247 1748 393 1815 finitione
415 1754 572 1815 accurata
595 1747 787 1835 plerumque
810 1750 960 1833 neglecta
983 1770 1022 1816 ea
1053 1750 1253 1816 exscriberet
1274 1750 1383 1830 verba,

247 1863 366 1946 quibus
389 1862 517 1929 laoilius
539 1863 700 1929 tironibus
723 1862 871 1946 quaesit
892 1884 945 1928 res
965 1864 1174 1948 perspicuum
1194 1864 1296 1930 fieret.

350 2090 368 2174 ξ
393 2093 421 2153 3.
466 2087 560 2153 Nunc
581 2089 735 2172 quoniam
757 2087 908 2172 probavi,
930 2087 1075 2172 exceptis
1098 2088 1260 2154 nonnullis
1282 2088 1382 2155 inter·

247 2200 366 2284 polatis
387 2201 493 2266 titulis
515 2223 535 2266 a
558 2201 715 2267 Diomede
738 2223 838 2266 unum
858 2201 1060 2284 eundemque
1082 2199 1205 2267 iontem
1227 2202 1382 2281 exhiberi,

246 2334 353 2398 pauca
376 2313 416 2380 de
437 2313 546 2379 indole
577 2319 610 2379 et
640 2314 852 2399 dispositione
881 2313 977 2379 huius
1000 2314 1116 2393 fontiS,
1144 2336 1240 2398 quem
1268 2321 1384 2400 postea

247 2426 320 2491 aliis
346 2432 445 2510 atque
462 2427 700 2493 Kummrowius
734 2427 935 2510 argumentis
957 2427 1025 2490 nixi
1055 2426 1214 2492 Scaurum
1235 2448 1305 2494 esse
1328 2428 1383 2493 de-

246 2539 517 2620 monstrabimus,
556 2541 743 2625 exposuisse
777 2539 912 2605 iuvabit.
968 2539 1242 2606 Proficisoeudum
1273 2547 1383 2606 autem

246 2652 341 2718 nobis
364 2659 414 2719 est
436 2674 456 2718 a
475 2652 642 2719 Diomedis
664 2657 744 2732 arte,
768 2651 890 2736 quippe
912 2652 968 2735 qui
990 2651 1236 2737 diligentissime
1259 2654 1382 2719 fontem

245 2764 336 2829 illum
360 2766 576 2851 exscripserit.

349 2879 457 2962 Atque
487 2879 643 2963 optimam
674 2897 745 2944 esse
778 2878 895 2961 capitis
918 2876 1178 2962 dispositionem,
1207 2899 1301 2944 nemo
1323 2886 1381 2960 est,

246 3011 342 3074 quem
364 2989 478 3075 fugiat.
523 2990 707 3057 Praemissa
738 2990 824 3055 euim
852 2990 1058 3074 metaplasmi
1080 2990 1266 3058 definitione
1287 2998 1378 3076 quat·

244 3109 320 3169 tuor
349 3104 383 3169 in
409 3108 521 3189 partes
551 3109 657 3169 totum
686 3108 786 3188 capnt
820 3103 1052 3185 grammaticus
1082 3103 1212 3187 dirisit3
1243 3125 1381 3188 quarum

244 3217 344 3283 tertia
365 3216 399 3281 in
422 3216 521 3282 rebus
543 3217 675 3302 proprie
697 3216 842 3282 metricis
871 3221 1002 3283 versata
1023 3217 1163 3301 primum
1185 3215 1226 3282 de
1249 3216 1381 3302 syllabis

245 3335 360 3394 contra
381 3329 541 3395 rationem
561 3335 620 3395 aut
635 3329 795 3414 correptis
818 3333 876 3394 aut
889 3328 1068 3413 productis,
1091 3328 1208 3395 deinde
1229 3329 1270 3395 de
1293 3329 1381 3394 diae·

244 3441 309 3507 resi
332 3443 426 3525 eique
449 3442 614 3508 contrario
637 3442 862 3525 metaplasmo,
885 3441 1024 3525 denique
1045 3442 1085 3507 de
1107 3442 1260 3524 elisionis‚
1283 3464 1380 3528 quam

244 3576 303 3620 nos
325 3575 443 3622 vocare
465 3533 707 3635 consuevimus,
731 3554 859 3621 duobus
882 3554 1056 3639 generibus
1079 3555 1156 3638 agit,
1180 3560 1300 3639 quarta
1322 3576 1379 3620 au·

243 3672 309 3733 tem
331 3674 426 3753 parte
450 3667 490 3732 de
511 3668 692 3733 mutatione
715 3671 748 3732 et
765 3668 1018 3733 commutatione
1038 3668 1223 3733 litterarum
1240 3667 1379 3734 disserit.

247 3807 250 3813 ·
347 3780 476 3846 Primae
509 3785 628 3846 autem*
651 3783 684 3845 et
716 3780 880 3846 secundae
911 3781 1016 3865 partis
1045 3781 1143 3845 etiam
1173 3780 1380 3846 artificiosior

243 3892 414 3978 dispositio
437 3898 494 3959 est.
539 3890 678 3975 Utrique
701 3893 786 3958 enim
804 3893 1027 3976 praemittitur
1042 3892 1187 3958 definitio
1209 3891 1379 3976 generalis,

242 4004 319 4071 hnic
341 4005 645 4090 metaplasmorum,
668 4005 723 4088 qui
745 4004 829 4070 fiunt
853 4009 917 4090 per'
935 4005 1187 4085 detractionem,
1208 4005 1256 4070 illi
1277 4010 1379 4071 meta-

242 4118 458 4201 plasmorum,
486 4117 542 4201 qui
563 4117 647 4183 fiunt
670 4138 730 4201 per
751 4117 983 4199 adiectionem
1015 4117 1132 4183 deinde
1154 4117 1314 4184 detractio
1338 4116 1379 4182 de

242 4230 359 4313 prima,
381 4230 421 4296 de
443 4230 561 4310 media,
584 4230 625 4295 de
644 4228 880 4315 nltimaparte
902 4232 1000 4311 vocis,
1033 4231 1247 4314 similiterque
1268 4231 1379 4314 priore
