3150 4642
654 199 871 261 ..11-

196 373 293 438 dicat.
339 373 404 437 Aut
433 370 518 435 enim
543 371 610 435 iam
638 370 672 434 in
699 369 788 434 fonte
818 368 887 433 eius
913 368 976 433 bae
999 367 1083 433 duae
1106 367 1351 433 definitionum-

195 486 320 552 formae
341 484 483 564 fuerunt,
506 487 564 549 aut
585 503 644 549 our
665 482 735 567 ipse
757 481 933 548 mutaverit
958 481 1055 546 facilc
1078 481 1228 546 elucebit.
1273 482 1330 548 At-

196 622 259 685 que
280 621 345 665 non
372 602 462 663 recto
483 596 721 662 Kummrowius
751 594 832 660 dicit
855 593 1038 660 Charisium
1069 615 1142 660 eum
1165 594 1332 661 Diomedis

195 713 318 778 fontem
340 710 537 791 adhibuisse,
559 709 652 775 cuius
667 709 836 793 proprium
848 708 892 773 sit
905 706 987 772 illud
1008 711 1120 788 „cumt‘
1164 707 1248 773 Nam
1270 709 1331 774 sub

194 824 299 892 titulis
320 823 361 889 de
384 822 562 890 anthitbesi
584 827 618 888 et
632 820 808 888 metathesi
830 820 928 887 etiam
949 805 1116 886 Charisius
1138 820 1244 885 altera
1265 821 1331 886 for-

194 960 250 1005 ma
270 939 390 1018 utitur,
421 938 470 1002 ita
500 940 538 1001 ut
566 935 717 1001 cumbis
745 934 873 1000 duobus
907 933 940 999 in
972 932 1203 1018 componendis
1225 934 1330 1000 titulis

195 1052 316 1117 Donati
346 1054 513 1116 auctorem
546 1048 638 1132 sequi
668 1046 884 1131 colligendum
907 1051 1001 1113 esset.
1044 1046 1135 1112 Idem
1158 1045 1330 1113 dicendum

196 1170 247 1231 est
269 1164 310 1230 (16
331 1162 436 1229 titulis
457 1162 497 1228 de
519 1160 742 1247 episynalipbe
768 1160 864 1227 etde
886 1159 1068 1247 synalipbe,
1086 1150 1191 1243 'atquc
1213 1159 1254 1225 de
1276 1160 1331 1225 de·

194 1276 396 1343 finitionibus
425 1275 631 1359 generalibus
659 1275 869 1359 prosthescos
903 1278 937 1339 et
966 1273 1191 1358 aphaereseos.
1237 1273 1331 1352 Quod

194 1391 291 1475 plane
308 1388 486 1455 absurdum
503 1394 553 1455 est
574 1409 679 1473 neque
694 1388 728 1454 in
742 1386 955 1453 Kummrowii
970 1386 1163 1452 sententiam
1181 1386 1330 1469 quadrat.

297 1502 367 1568 Iam
384 1501 449 1568 loci
471 1506 529 1583 ost,
551 1507 589 1568 ut
610 1501 710 1568 trium
732 1499 998 1585 artigraphorum
1020 1499 1122 1565 verba
1144 1498 1330 1583 diligentius

196 1616 409 1681 conferamus.

301 1727 475 1794 Diomedes
512 1727 614 1811 igitur
649 1726 797 1793 Charisio
836 1726 938 1792 multo
974 1727 1108 1811 propior
1149 1732 1200 1793 est
1233 1748 1332 1811 quam

194 1843 332 1907 Donato,
377 1840 502 1906 Deinde
524 1840 691 1905 Charisius
718 1839 855 1905 eandem
884 1838 1069 1906 ubertatem
1099 1861 1179 1925 prae
1210 1861 1244 1906 66
1267 1840 1332 1906 fert

195 1960 294 2037 atque
316 1953 490 2019 Diomedes
512 1954 714 2037 eundemque
737 1954 893 2034 ordinem,
916 1953 1052 2018 eandem
1076 1953 1329 2038 dispositionem,

195 2067 309 2132 eadem
337 2067 406 2132 fere
436 2066 592 2150 exempla.
647 2067 795 2131 Donatus
825 2071 940 2132 contra
971 2065 1181 2132 brevissimus
1210 2072 1276 2148 est;
1298 2072 1332 2132 et

196 2179 351 2244 consulto,
389 2178 462 2244 Non
479 2178 582 2245 solum
600 2180 686 2244 enim
708 2177 912 2244 definitiones
932 2179 1099 2262 generales
1121 2179 1330 2263 prostheseos

196 2298 229 2357 et
266 2292 483 2377 aphaereseos
519 2293 644 2373 omisit,
676 2291 902 2358 brevissimam
935 2292 1158 2359 definitionum
1189 2293 1330 2358 omnium

194 2405 332 2470 formam
360 2404 517 2489 praebet,
547 2405 726 2471 sedetiam
757 2427 797 2470 cx
819 2405 976 2490 exemplis
1016 2407 1167 2490 (quorum
1190 2426 1330 2471 -cum

195 2519 317 2584 sintin
344 2501 470 2583 summa
499 2518 615 2601 viginti
644 2523 772 2584 tres-
800 2518 912 2585 decem
942 2518 1089 2598 exbibet,
1119 2538 1203 2601 quae
1225 2539 1330 2601 neque

195 2631 284 2716 apud
314 2630 504 2696 Diomedem
532 2644 636 2716 neque
668 2631 756 2717 apud
785 2632 968 2698 Charisium
996 2632 1163 2716 leguntur)
1194 2652 1234 2696 ea
1260 2631 1329 2697 fere

193 2749 321 2810 tantum
343 2743 445 2809 verba
467 2743 572 2825 affert,
593 2745 628 2809 in
651 2745 770 2829 quibus
785 2746 1019 2830 metaplasmus
1034 2745 1235 2825 observatur,
1257 2766 1330 2810 cum

194 2857 367 2922 Diomedes
399 2861 432 2921 61
454 2857 620 2924 Charisius
644 2880 771 2943 semper
793 2859 861 2923 iere
884 2863 970 2923 totos
993 2880 1106 2924 versus
1129 2856 1330 2923 adscribant.

195 2969 437 3035 subdivisiones
466 2975 576 3035 autem
609 2971 740 3036 litterae
781 2976 814 3036 et
851 2970 1013 3056 syllabae,
1044 2971 1085 3035 de
1117 2970 1235 3053 quibus
1264 2971 1330 3036 iam

194 3082 324 3167 saepius
356 3082 433 3161 dixi,
464 3087 590 3147 tantum
612 3082 645 3146 in
667 3084 774 3167 prima
802 3083 919 3166 capitis
950 3088 1044 3168 parte
1076 3088 1267 3163 occurrunt,
1296 3083 1330 3149 in

194 3195 337 3260 secunda
365 3194 534 3278 neglectae
566 3201 641 3260 sunt
669 3194 720 3259 vel
749 3216 770 3258 a
791 3195 920 3260 Donato
951 3195 1023 3279 ipso
1053 3195 1104 3260 vel
1136 3195 1329 3277 alibrari03

193 3307 267 3373 illas
288 3309 322 3371 in
352 3306 442 3372 fonte
473 3307 594 3374 Donati
619 3309 670 3373 rel
693 3307 764 3374 eius
787 3307 878 3374 fonte
901 3307 1001 3374 fuisse
1023 3308 1098 3373 iude
1120 3309 1329 3394 intellegitur,

194 3421 282 3504 quod
305 3420 365 3486 sub
387 3408 493 3486 titulis
514 3421 555 3488 de
574 3422 755 3507 aphaeresi,
779 3422 819 3488 de
839 3444 989 3508 syncope,
1013 3421 1053 3486 do
1071 3424 1216 3508 apocope
1238 3424 1329 3508 prius

194 3533 378 3618 exemplum
414 3533 561 3615 litterae,
604 3537 767 3620 posterius
812 3536 855 3601 ad
897 3536 1042 3621 sydabae
1079 3536 1328 3620 metaplasmum

194 3652 335 3731 spectat,
360 3653 496 3732 excepto
518 3647 606 3713 tituli
628 3649 668 3714 de
686 3671 832 3734 apocope
853 3650 956 3715 altero
980 3649 1128 3734 exemplo
1151 3650 1246 3734 ‘pote’
1268 3669 1328 3733 pro

194 3760 329 3841 ι661661,
360 3759 447 3842 quod
469 3781 534 3825 noo
557 3760 702 3846 syllabae
725 3763 782 3828 66(1
808 3762 945 3829 duarum
976 3764 1159 3828 litterarum
1190 3761 1329 3826 ablatio·

193 3873 243 3937 nis
266 3877 324 3937 est.

296 3984 345 4050 De
375 3986 529 4070 exemplis
561 3993 735 4070 praeterea
765 3989 847 4054 baec
882 3988 1070 4054 annotanda
1099 3990 1188 4051 sunt:
1222 3987 1328 4054 tribus

192 4094 418 4185 tantummodo
444 4098 524 4163 locis
553 4100 736 4184 exemplum
765 4102 853 4185 quod
881 4101 1049 4167 Charisius
1078 4119 1142 4163 non
1171 4100 1328 4167 habetet

193 4208 281 4294 apud
302 4209 465 4276 Donatum
488 4215 579 4277 extat
607 4217 639 4276 61
668 4212 756 4297 apud
775 4215 974 4279 Diomedem,
1019 4217 1163 4294 Quorum
1186 4215 1326 4299 primum
