3150 4642
729 197 945 258 „lg-

372 362 647 429 Edefinitionum
676 385 753 430 vero
784 363 921 430 dirersis
951 365 1064 430 formis
1095 372 1322 451 argumentum
1343 388 1410 433 non

267 477 444 564 petendum
467 476 615 557 4444114,
644 497 729 561 quae
758 477 793 543 14
816 476 1085 545 antecedentibus
1106 478 1235 565 paginis
1256 481 1407 566 exposui-

267 613 347 671 mus,
371 589 453 656 satis
474 589 649 674 probatum
673 588 810 656 confido.

370 702 464 785 Quod
500 707 611 769 autem
645 703 834 770 Diomedem
873 704 970 771 modo
1006 726 1080 771 cum
1115 706 1236 773 Donati
1272 712 1407 773 auctore

266 815 363 883 modo
387 837 459 883 cum
482 815 622 882 Charisii
644 815 898 901 Sacerdotisque
922 818 1085 885 communi
1108 818 1197 885 fonte
1220 819 1407 885 consentire

266 929 365 1011 dixit,
394 929 458 996 hoc
486 928 561 996 ideo
593 929 809 1015 complurium
839 930 978 997 fontium
1007 930 1164 997 indicium
1190 952 1306 998 revera
1334 953 1407 998 esse

264 1040 403 1124 videtur,
426 1041 513 1127 quod
533 1042 620 1107 inter
641 1041 808 1109 Donatum
828 1048 862 1109 et
881 1043 1081 1125 Charisium,
1115 1042 1203 1129 quod
1225 1043 1269 1110 ad
1291 1044 1406 1110 defini·

265 1156 369 1221 tiones
389 1155 549 1241 pertinet,
583 1153 651 1221 fere
679 1154 770 1221 nulla
799 1156 843 1222 sit
864 1157 1042 1223 consensio.
1087 1157 1158 1223 Hoc
1180 1179 1282 1224 uuum
1302 1157 1407 1242 igitur

266 1272 493 1352 argumentum
524 1287 564 1333 es
591 1266 718 1334 ratione
740 1268 928 1351 reiciemus,
956 1275 1008 1351 ut,
1039 1290 1113 1336 cum
1134 1270 1284 1355 plurimis
1305 1270 1407 1336 rebus

264 1380 512 1466 probaverimus
534 1379 701 1446 Diomedis
724 1380 979 1467 disputationem
1007 1382 1122 1468 paucis
1143 1382 1405 1469 interpolationi-

262 1493 324 1560 bus
348 1492 493 1580 exceptis
524 1513 564 1559 ex
593 1513 658 1560 uno
685 1493 819 1561 fluxisse
841 1494 950 1575 fonte,
980 1494 1253 1576 demonstremus,
1284 1494 1405 1580 quibus

263 1607 371 1673 causis
396 1605 564 1672 Charisius
594 1605 646 1672 rel
674 1607 785 1692 potius
819 1612 934 1673 auctor
962 1607 1031 1674 eius
1066 1614 1246 1675 commotus
1276 1609 1335 1689 sit,
1365 1613 1405 1674 ut

262 1719 376 1786 alias
400 1724 499 1803 atque
516 1720 664 1785 Donatus
682 1719 905 1787 definitionum
928 1727 1072 1805 partes
1092 1719 1290 1787 eDiomedis
1312 1720 1404 1786 fonte

263 1831 474 1899 describeret.
519 1832 644 1913 Quibus
671 1833 885 1917 praemonitis
915 1833 958 1899 ad
986 1854 1056 1899 rem
1085 1834 1288 1920 propositam
1312 1839 1402 1900 tran-

264 1966 403 2013 seamus.

366 2057 439 2124 Non
461 2079 562 2123 unum
585 2056 788 2142 eundemque
811 2062 978 2126 auctorem
1001 2058 1194 2126 aDiomede
1215 2078 1276 2144 per
1296 2065 1400 2125 totum

262 2171 303 2236 de
322 2169 543 2237 schematibus
564 2176 664 2256 caput
679 2169 862 2237 adhibitum
882 2193 962 2253 esse,
984 2171 1081 2238 facile
1102 2171 1312 2257 intellegitur.
1357 2173 1401 2237 At

261 2283 324 2349 hoo
345 2305 405 2370 pro
436 2288 526 2349 certo
557 2283 716 2349 affirmari
746 2304 811 2349 non
833 2288 958 2368 potest,
986 2284 1175 2351 Diomedem
1205 2284 1400 2369 ipsumhoc

262 2403 361 2481 caput
390 2397 424 2461 in
447 2416 519 2462 eam
540 2394 705 2480 redegisse
725 2395 880 2477 formam,
911 2418 1008 2481 quam
1037 2418 1124 2463 nuuc
1142 2396 1304 2481 praebent
1323 2395 1400 2461 libri

261 2531 360 2575 manu
377 2508 499 2594 scripti.
536 2509 645 2588 Quare
660 2510 851 2594 priusquam
867 2508 908 2576 de
919 2508 1086 2575 Diomedis
1103 2508 1247 2575 lontibus
1267 2514 1301 2575 et
1315 2508 1399 2577 scri·

260 2620 359 2688 beudi
381 2622 509 2687 ratione
531 2620 746 2705 disseramus,
769 2621 943 2707 diligenter
965 2627 1016 2688 est
1037 2622 1283 2707 inquirendum,
1311 2643 1398 2702 num,

259 2734 358 2801 utin
397 2733 623 2817 antecedente,
654 2736 704 2801 ita
740 2735 841 2801 etiam
868 2733 932 2801 hoc
958 2733 1123 2821 incapite
1153 2733 1399 2819 interpolatoris

259 2846 397 2932 vestigia
418 2850 538 2912 extent.

363 2960 470 3044 Atque
493 2958 692 3044 singularem
709 2961 874 3045 quandam
891 2960 1032 3045 speciem
1053 2979 1134 3043 prae
1151 2980 1186 3027 se
1203 2960 1314 3025 ferunt
1334 2959 1398 3025 hae

259 3072 473 3154 definitiones,
497 3094 635 3158 quarum
657 3094 756 3140 unam
778 3073 893 3140 Scauri
915 3093 987 3139 esse
1007 3072 1164 3156 legimus:
1526 3142 1527 3147 ,

361 3191 477 3267 44429
490 3207 557 3271 sq.:
583 3185 780 3272 hypozeuxis
804 3191 854 3254 444
878 3191 917 3252 44
939 3186 1082 3252 Scaurus
1105 3186 1153 3251 ait
1173 3184 1279 3270 figura
1302 3202 1396 3269 supe·
1526 3176 1527 3243 ξ

258 3298 338 3363 riori
361 3299 526 3364 contraria
548 3299 604 3365 ubi
620 3299 748 3365 diversa
766 3296 867 3365 rerba
884 3299 1019 3383 singulis
1037 3299 1224 3383 iunguntur.
1248 3297 1396 3384 syllepsis
1526 3346 1527 3397 ,

258 3416 308 3476 est
337 3410 541 3477 dissimilium
578 3432 689 3478 rerum
729 3415 762 3477 et
792 3411 1012 3478 clausularum
1043 3433 1103 3496 per
1131 3410 1233 3477 unum
1261 3409 1396 3477 verbum

258 3522 482 3607 conglutinata
503 3524 681 3609 conceptio.

361 3642 495 3717 445‚11:
526 3636 726 3721 anadiplosis
755 3643 806 3703 est
834 3626 1072 3721 congeminatio
1103 3635 1255 3702 dictionis
1284 3656 1324 3701 ex
1346 3633 1395 3699 ul·

256 3749 336 3815 timo
357 3748 429 3814 loeo
452 3749 679 3834 praecedentis
702 3754 736 3815 et
755 3748 917 3835 principio
940 3749 1114 3833 sequentis,

359 3866 494 3943 447494
521 3862 620 3928 1444
643 3862 905 3947 Homoeoptoton
934 3852 984 3929 est
1006 3883 1080 3927 cum
1101 3862 1136 3925 in
1156 3861 1277 3926 similes
1299 3879 1394 3926 casus

256 3979 376 4039 exeunt
402 3975 504 4040 verba
525 3974 662 4041 diversa.
691 3963 976 4041 homoeoteleuton
1005 3966 1062 4040 est⁴
1084 3995 1157 4039 cum
1179 3973 1277 4039 simili
1297 3972 1394 4038 modo

256 4084 414 4153 dictiones
436 4087 559 4154 multae
580 4086 757 4154 1141444444ι
