<?xml version="1.0" encoding="UTF-8"?>
<!DOCTYPE html PUBLIC "-//W3C//DTD XHTML 1.0 Transitional//EN"
    "http://www.w3.org/TR/xhtml1/DTD/xhtml1-transitional.dtd">
<html xmlns="http://www.w3.org/1999/xhtml" xml:lang="en" lang="en">
 <head>
  <title>
</title>
<meta http-equiv="Content-Type" content="text/html;charset=utf-8" />
  <meta name='ocr-system' content='tesseract 3.04.00' />
  <meta name='ocr-capabilities' content='ocr_page ocr_carea ocr_par ocr_line ocrx_word'/>
</head>
<body>
  <div class='ocr_page' id='page_1' title='image "./quaestionesgram00meyegoog_0038.png"; bbox 0 0 3150 4642; ppageno 0'>
   <div class='ocr_carea' id='block_1_1' title="bbox 709 246 926 333">
    <p class='ocr_par' dir='ltr' id='par_1_1' title="bbox 709 246 926 333">
     <span class='ocr_line' id='line_1_1' title="bbox 709 246 926 333; baseline 0.005 -43"><span class='ocrx_word' id='word_1_1' title='bbox 709 246 926 333; x_wconf 65' lang='grc'><strong>..32-</strong></span> 
     </span>
    </p>
   </div>
   <div class='ocr_carea' id='block_1_2' title="bbox 242 411 1390 4321">
    <p class='ocr_par' dir='ltr' id='par_1_2' title="bbox 250 411 1390 591">
     <span class='ocr_line' id='line_1_2' title="bbox 250 411 1390 495; baseline 0.005 -20"><span class='ocrx_word' id='word_1_2' title='bbox 250 411 444 476; x_wconf 88' lang='lat' dir='ltr'>vindicanda</span> <span class='ocrx_word' id='word_1_3' title='bbox 466 413 539 491; x_wconf 90' lang='lat' dir='ltr'>sint,</span> <span class='ocrx_word' id='word_1_4' title='bbox 565 432 650 495; x_wconf 88' lang='lat' dir='ltr'>quae</span> <span class='ocrx_word' id='word_1_5' title='bbox 669 412 837 478; x_wconf 81' lang='lat' dir='ltr'>Charisius</span> <span class='ocrx_word' id='word_1_6' title='bbox 857 420 889 477; x_wconf 90' lang='lat' dir='ltr'>et</span> <span class='ocrx_word' id='word_1_7' title='bbox 903 414 1077 479; x_wconf 83' lang='lat' dir='ltr'>Diomedes</span> <span class='ocrx_word' id='word_1_8' title='bbox 1100 414 1140 478; x_wconf 86' lang='lat' dir='ltr'>da</span> <span class='ocrx_word' id='word_1_9' title='bbox 1161 416 1278 479; x_wconf 87' lang='lat' dir='ltr'>ceteris</span> <span class='ocrx_word' id='word_1_10' title='bbox 1303 416 1390 481; x_wconf 86' lang='lat' dir='ltr'>vitiis</span> 
     </span>
     <span class='ocr_line' id='line_1_3' title="bbox 341 525 982 591; baseline 0.005 -4.503"><span class='ocrx_word' id='word_1_11' title='bbox 341 544 361 587; x_wconf 92' lang='lat' dir='ltr'>a</span> <span class='ocrx_word' id='word_1_12' title='bbox 384 526 545 589; x_wconf 92' lang='lat' dir='ltr'>communi</span> <span class='ocrx_word' id='word_1_13' title='bbox 569 531 702 590; x_wconf 89' lang='lat' dir='ltr'>auctore</span> <span class='ocrx_word' id='word_1_14' title='bbox 725 525 982 591; x_wconf 82' lang='lat' dir='ltr'>derivavemnt.“</span> 
     </span>
    </p>

    <p class='ocr_par' dir='ltr' id='par_1_3' title="bbox 249 637 1388 927">
     <span class='ocr_line' id='line_1_4' title="bbox 354 637 1388 722; baseline 0.003 -21"><span class='ocrx_word' id='word_1_15' title='bbox 354 637 397 701; x_wconf 85' lang='lat' dir='ltr'>At</span> <span class='ocrx_word' id='word_1_16' title='bbox 424 638 564 722; x_wconf 90' lang='lat' dir='ltr'>primum</span> <span class='ocrx_word' id='word_1_17' title='bbox 592 659 656 703; x_wconf 88' lang='lat' dir='ltr'>non</span> <span class='ocrx_word' id='word_1_18' title='bbox 678 644 767 703; x_wconf 88' lang='lat' dir='ltr'>recte</span> <span class='ocrx_word' id='word_1_19' title='bbox 798 638 892 718; x_wconf 89' lang='lat' dir='ltr'>dicit,</span> <span class='ocrx_word' id='word_1_20' title='bbox 923 639 1058 704; x_wconf 90' lang='lat' dir='ltr'>alterius</span> <span class='ocrx_word' id='word_1_21' title='bbox 1083 639 1223 704; x_wconf 86' lang='lat' dir='ltr'>Charisii</span> <span class='ocrx_word' id='word_1_22' title='bbox 1246 641 1388 704; x_wconf 87' lang='lat' dir='ltr'>auctoris</span> 
     </span>
     <span class='ocr_line' id='line_1_5' title="bbox 249 748 1386 834; baseline 0.003 -22"><span class='ocrx_word' id='word_1_23' title='bbox 249 748 336 832; x_wconf 90' lang='lat' dir='ltr'>apud</span> <span class='ocrx_word' id='word_1_24' title='bbox 366 749 555 815; x_wconf 83' lang='lat' dir='ltr'>Diomedem</span> <span class='ocrx_word' id='word_1_25' title='bbox 594 751 716 815; x_wconf 89' lang='lat' dir='ltr'>nullum</span> <span class='ocrx_word' id='word_1_26' title='bbox 747 751 883 815; x_wconf 85' lang='lat' dir='ltr'>inveniri</span> <span class='ocrx_word' id='word_1_27' title='bbox 914 752 1094 834; x_wconf 86' lang='lat' dir='ltr'>vestigium.</span> <span class='ocrx_word' id='word_1_28' title='bbox 1146 753 1273 830; x_wconf 81' lang='lat' dir='ltr'>Quaeso</span> <span class='ocrx_word' id='word_1_29' title='bbox 1303 754 1386 817; x_wconf 88' lang='lat' dir='ltr'>enirn</span> 
     </span>
     <span class='ocr_line' id='line_1_6' title="bbox 249 861 479 927; baseline 0.013 -3"><span class='ocrx_word' id='word_1_30' title='bbox 249 861 360 927; x_wconf 81' lang='lat' dir='ltr'>videas</span> <span class='ocrx_word' id='word_1_31' title='bbox 382 861 479 927; x_wconf 90' lang='lat' dir='ltr'>haec:</span> 
     </span>
    </p>

    <p class='ocr_par' dir='ltr' id='par_1_4' title="bbox 247 974 1388 1399">
     <span class='ocr_line' id='line_1_7' title="bbox 339 974 1388 1054; baseline 0.003 -16"><span class='ocrx_word' id='word_1_32' title='bbox 339 979 365 1037; x_wconf 91' lang='lat' dir='ltr'>l.</span> <span class='ocrx_word' id='word_1_33' title='bbox 398 974 492 1039; x_wconf 86' lang='lat' dir='ltr'>Char.</span> <span class='ocrx_word' id='word_1_34' title='bbox 511 979 645 1054; x_wconf 71' lang='lat' dir='ltr'>aonia:</span> <span class='ocrx_word' id='word_1_35' title='bbox 668 975 754 1039; x_wconf 89' lang='lat' dir='ltr'>inter</span> <span class='ocrx_word' id='word_1_36' title='bbox 770 975 1010 1040; x_wconf 82' lang='lat' dir='ltr'>barbarismum</span> <span class='ocrx_word' id='word_1_37' title='bbox 1028 982 1061 1040; x_wconf 95' lang='lat' dir='ltr'>et</span> <span class='ocrx_word' id='word_1_38' title='bbox 1077 976 1303 1041; x_wconf 84' lang='lat' dir='ltr'>soloecismum</span> <span class='ocrx_word' id='word_1_39' title='bbox 1324 977 1388 1041; x_wconf 88' lang='lat' dir='ltr'>hoc</span> 
     </span>
     <span class='ocr_line' id='line_1_8' title="bbox 247 1086 1387 1172; baseline 0.003 -21"><span class='ocrx_word' id='word_1_40' title='bbox 247 1086 391 1168; x_wconf 86' lang='lat' dir='ltr'>interest,</span> <span class='ocrx_word' id='word_1_41' title='bbox 410 1086 497 1169; x_wconf 90' lang='lat' dir='ltr'>quod</span> <span class='ocrx_word' id='word_1_42' title='bbox 511 1086 737 1153; x_wconf 88' lang='lat' dir='ltr'>barbarismus</span> <span class='ocrx_word' id='word_1_43' title='bbox 757 1088 792 1151; x_wconf 88' lang='lat' dir='ltr'>in</span> <span class='ocrx_word' id='word_1_44' title='bbox 806 1087 941 1170; x_wconf 83' lang='lat' dir='ltr'>singulis</span> <span class='ocrx_word' id='word_1_45' title='bbox 955 1088 1062 1153; x_wconf 86' lang='lat' dir='ltr'>verbis</span> <span class='ocrx_word' id='word_1_46' title='bbox 1081 1089 1119 1152; x_wconf 90' lang='lat' dir='ltr'>fit</span> <span class='ocrx_word' id='word_1_47' title='bbox 1134 1089 1166 1152; x_wconf 93' lang='lat' dir='ltr'>in</span> <span class='ocrx_word' id='word_1_48' title='bbox 1183 1110 1387 1172; x_wconf 87' lang='lat' dir='ltr'>quocumque</span> 
     </span>
     <span class='ocr_line' id='line_1_9' title="bbox 248 1199 1386 1281; baseline 0.004 -19"><span class='ocrx_word' id='word_1_49' title='bbox 248 1199 361 1263; x_wconf 85' lang='lat' dir='ltr'>ordine</span> <span class='ocrx_word' id='word_1_50' title='bbox 385 1205 499 1264; x_wconf 90' lang='lat' dir='ltr'>contra</span> <span class='ocrx_word' id='word_1_51' title='bbox 527 1220 649 1263; x_wconf 90' lang='lat' dir='ltr'>morem</span> <span class='ocrx_word' id='word_1_52' title='bbox 671 1200 869 1280; x_wconf 78' lang='lat' dir='ltr'>Latinitatis,</span> <span class='ocrx_word' id='word_1_53' title='bbox 892 1201 1102 1265; x_wconf 85' lang='lat' dir='ltr'>soloecismus</span> <span class='ocrx_word' id='word_1_54' title='bbox 1124 1207 1242 1281; x_wconf 90' lang='lat' dir='ltr'>autem,</span> <span class='ocrx_word' id='word_1_55' title='bbox 1263 1208 1386 1280; x_wconf 76' lang='lat' dir='ltr'>qnando</span> 
     </span>
     <span class='ocr_line' id='line_1_10' title="bbox 248 1313 1069 1399; baseline 0.002 -24"><span class='ocrx_word' id='word_1_56' title='bbox 248 1316 462 1390; x_wconf 79' lang='lat' dir='ltr'>discrepantes</span> <span class='ocrx_word' id='word_1_57' title='bbox 483 1317 564 1375; x_wconf 90' lang='lat' dir='ltr'>inter</span> <span class='ocrx_word' id='word_1_58' title='bbox 586 1333 620 1375; x_wconf 82' lang='lat' dir='ltr'>se</span> <span class='ocrx_word' id='word_1_59' title='bbox 642 1317 791 1377; x_wconf 75' lang='lat' dir='ltr'>dictiones</span> <span class='ocrx_word' id='word_1_60' title='bbox 814 1317 905 1379; x_wconf 78' lang='lat' dir='ltr'>dohet</span> <span class='ocrx_word' id='word_1_61' title='bbox 930 1313 1069 1399; x_wconf 86' lang='lat' dir='ltr'>(oratio).</span> 
     </span>
    </p>

    <p class='ocr_par' dir='ltr' id='par_1_5' title="bbox 246 1423 1388 1729">
     <span class='ocr_line' id='line_1_11' title="bbox 358 1423 1388 1504; baseline 0.003 -17"><span class='ocrx_word' id='word_1_62' title='bbox 358 1423 463 1488; x_wconf 92' lang='lat' dir='ltr'>Diom.</span> <span class='ocrx_word' id='word_1_63' title='bbox 487 1429 620 1504; x_wconf 81' lang='lat'>455,34:</span> <span class='ocrx_word' id='word_1_64' title='bbox 649 1426 734 1490; x_wconf 90' lang='lat' dir='ltr'>inter</span> <span class='ocrx_word' id='word_1_65' title='bbox 757 1425 982 1490; x_wconf 79' lang='lat' dir='ltr'>soloecismum</span> <span class='ocrx_word' id='word_1_66' title='bbox 1006 1431 1039 1490; x_wconf 87' lang='lat' dir='ltr'>ct</span> <span class='ocrx_word' id='word_1_67' title='bbox 1060 1425 1300 1491; x_wconf 85' lang='lat' dir='ltr'>barbarismum</span> <span class='ocrx_word' id='word_1_68' title='bbox 1325 1426 1388 1490; x_wconf 87' lang='lat' dir='ltr'>hoc</span> 
     </span>
     <span class='ocr_line' id='line_1_12' title="bbox 249 1536 1385 1622; baseline 0.002 -22"><span class='ocrx_word' id='word_1_69' title='bbox 249 1537 394 1617; x_wconf 85' lang='lat' dir='ltr'>interest,</span> <span class='ocrx_word' id='word_1_70' title='bbox 418 1536 505 1619; x_wconf 91' lang='lat' dir='ltr'>quod</span> <span class='ocrx_word' id='word_1_71' title='bbox 527 1537 736 1603; x_wconf 88' lang='lat' dir='ltr'>soloecismus</span> <span class='ocrx_word' id='word_1_72' title='bbox 756 1539 790 1601; x_wconf 89' lang='lat' dir='ltr'>in</span> <span class='ocrx_word' id='word_1_73' title='bbox 813 1537 962 1621; x_wconf 90' lang='lat' dir='ltr'>pluribus</span> <span class='ocrx_word' id='word_1_74' title='bbox 984 1538 1133 1622; x_wconf 87' lang='lat' dir='ltr'>partibus</span> <span class='ocrx_word' id='word_1_75' title='bbox 1155 1538 1194 1602; x_wconf 89' lang='lat' dir='ltr'>fit</span> <span class='ocrx_word' id='word_1_76' title='bbox 1218 1550 1254 1621; x_wconf 88' lang='lat' dir='ltr'>et</span> <span class='ocrx_word' id='word_1_77' title='bbox 1269 1544 1385 1602; x_wconf 80' lang='lat' dir='ltr'>diecre-</span> 
     </span>
     <span class='ocr_line' id='line_1_13' title="bbox 246 1654 1136 1729; baseline 0.002 -16"><span class='ocrx_word' id='word_1_78' title='bbox 246 1660 358 1728; x_wconf 83' lang='lat' dir='ltr'>pontes</span> <span class='ocrx_word' id='word_1_79' title='bbox 381 1660 411 1712; x_wconf 88' lang='lat' dir='ltr'>et</span> <span class='ocrx_word' id='word_1_80' title='bbox 433 1654 685 1729; x_wconf 80' lang='lat' dir='ltr'>inconsequenter</span> <span class='ocrx_word' id='word_1_81' title='bbox 707 1656 789 1714; x_wconf 88' lang='lat' dir='ltr'>inter</span> <span class='ocrx_word' id='word_1_82' title='bbox 811 1671 845 1714; x_wconf 84' lang='lat' dir='ltr'>se</span> <span class='ocrx_word' id='word_1_83' title='bbox 868 1656 1016 1715; x_wconf 73' lang='lat' dir='ltr'>dictiones</span> <span class='ocrx_word' id='word_1_84' title='bbox 1038 1655 1136 1716; x_wconf 83' lang='lat' dir='ltr'>babet.</span> 
     </span>
    </p>

    <p class='ocr_par' dir='ltr' id='par_1_6' title="bbox 247 1761 1385 1959">
     <span class='ocr_line' id='line_1_14' title="bbox 351 1761 1385 1848; baseline 0.002 -22"><span class='ocrx_word' id='word_1_85' title='bbox 351 1767 379 1826; x_wconf 79' lang='lat'>2.</span> <span class='ocrx_word' id='word_1_86' title='bbox 420 1761 541 1827; x_wconf 82' lang='lat' dir='ltr'>Comin.</span> <span class='ocrx_word' id='word_1_87' title='bbox 567 1767 677 1843; x_wconf 68' lang='lat' dir='ltr'>abac:</span> <span class='ocrx_word' id='word_1_88' title='bbox 706 1762 931 1828; x_wconf 89' lang='lat' dir='ltr'>barbarismus</span> <span class='ocrx_word' id='word_1_89' title='bbox 954 1769 1004 1828; x_wconf 86' lang='lat' dir='ltr'>cst</span> <span class='ocrx_word' id='word_1_90' title='bbox 1033 1785 1098 1827; x_wconf 91' lang='lat' dir='ltr'>una</span> <span class='ocrx_word' id='word_1_91' title='bbox 1127 1765 1385 1848; x_wconf 75' lang='lat' dir='ltr'>parentationis</span> 
     </span>
     <span class='ocr_line' id='line_1_15' title="bbox 247 1880 410 1959; baseline 0.018 -21"><span class='ocrx_word' id='word_1_92' title='bbox 247 1880 410 1959; x_wconf 89' lang='lat' dir='ltr'>corrupta</span> 
     </span>
    </p>

    <p class='ocr_par' dir='ltr' id='par_1_7' title="bbox 247 1987 1384 2184">
     <span class='ocr_line' id='line_1_16' title="bbox 351 1987 1384 2073; baseline 0 -21"><span class='ocrx_word' id='word_1_93' title='bbox 351 2008 497 2073; x_wconf 88' lang='lat' dir='ltr'>anonym.</span> <span class='ocrx_word' id='word_1_94' title='bbox 521 1988 616 2052; x_wconf 82' lang='lat' dir='ltr'>Char.</span> <span class='ocrx_word' id='word_1_95' title='bbox 641 1993 772 2067; x_wconf 83' lang='lat'>265,24:</span> <span class='ocrx_word' id='word_1_96' title='bbox 803 1987 1027 2053; x_wconf 90' lang='lat' dir='ltr'>barbarismus</span> <span class='ocrx_word' id='word_1_97' title='bbox 1050 1994 1100 2053; x_wconf 88' lang='lat' dir='ltr'>est</span> <span class='ocrx_word' id='word_1_98' title='bbox 1121 1989 1221 2069; x_wconf 87' lang='lat' dir='ltr'>dictio</span> <span class='ocrx_word' id='word_1_99' title='bbox 1241 1995 1289 2052; x_wconf 86' lang='lat' dir='ltr'>oet</span> <span class='ocrx_word' id='word_1_100' title='bbox 1309 2010 1384 2067; x_wconf 81' lang='lat' dir='ltr'>pro-</span> 
     </span>
     <span class='ocr_line' id='line_1_17' title="bbox 247 2101 1158 2184; baseline 0.001 -21"><span class='ocrx_word' id='word_1_101' title='bbox 247 2106 439 2165; x_wconf 81' lang='lat' dir='ltr'>nuntiatione</span> <span class='ocrx_word' id='word_1_102' title='bbox 460 2106 509 2164; x_wconf 86' lang='lat' dir='ltr'>nel</span> <span class='ocrx_word' id='word_1_103' title='bbox 529 2106 689 2180; x_wconf 80' lang='lat' dir='ltr'>scripturo</span> <span class='ocrx_word' id='word_1_104' title='bbox 712 2101 823 2184; x_wconf 89' lang='lat' dir='ltr'>aliqua</span> <span class='ocrx_word' id='word_1_105' title='bbox 846 2102 896 2166; x_wconf 90' lang='lat' dir='ltr'>sui</span> <span class='ocrx_word' id='word_1_106' title='bbox 918 2106 1012 2184; x_wconf 89' lang='lat' dir='ltr'>parte</span> <span class='ocrx_word' id='word_1_107' title='bbox 1032 2101 1158 2165; x_wconf 85' lang='lat' dir='ltr'>vitiosa.</span> 
     </span>
    </p>

    <p class='ocr_par' dir='ltr' id='par_1_8' title="bbox 246 2212 1384 2410">
     <span class='ocr_line' id='line_1_18' title="bbox 350 2212 1384 2292; baseline 0.001 -16"><span class='ocrx_word' id='word_1_108' title='bbox 350 2212 454 2277; x_wconf 91' lang='lat' dir='ltr'>Diom.</span> <span class='ocrx_word' id='word_1_109' title='bbox 478 2217 610 2292; x_wconf 66' lang='lat' dir='ltr'>esraa:</span> <span class='ocrx_word' id='word_1_110' title='bbox 640 2213 865 2279; x_wconf 87' lang='lat' dir='ltr'>barbarismus</span> <span class='ocrx_word' id='word_1_111' title='bbox 896 2219 946 2277; x_wconf 91' lang='lat' dir='ltr'>est</span> <span class='ocrx_word' id='word_1_112' title='bbox 969 2218 1178 2277; x_wconf 85' lang='lat' dir='ltr'>ennntidtione</span> <span class='ocrx_word' id='word_1_113' title='bbox 1198 2220 1246 2276; x_wconf 79' lang='lat' dir='ltr'>oet</span> <span class='ocrx_word' id='word_1_114' title='bbox 1265 2219 1384 2291; x_wconf 82' lang='lat' dir='ltr'>scripto</span> 
     </span>
     <span class='ocr_line' id='line_1_19' title="bbox 246 2326 778 2410; baseline 0.002 -21"><span class='ocrx_word' id='word_1_115' title='bbox 246 2345 411 2408; x_wconf 90' lang='lat' dir='ltr'>unapars</span> <span class='ocrx_word' id='word_1_116' title='bbox 434 2326 590 2390; x_wconf 89' lang='lat' dir='ltr'>orationis</span> <span class='ocrx_word' id='word_1_117' title='bbox 615 2331 778 2410; x_wconf 86' lang='lat' dir='ltr'>corrupta.</span> 
     </span>
    </p>

    <p class='ocr_par' dir='ltr' id='par_1_9' title="bbox 244 2438 1384 2616">
     <span class='ocr_line' id='line_1_20' title="bbox 350 2438 1384 2529; baseline -0.002 -27"><span class='ocrx_word' id='word_1_118' title='bbox 350 2443 377 2502; x_wconf 84' lang='lat'>3.</span> <span class='ocrx_word' id='word_1_119' title='bbox 409 2458 502 2502; x_wconf 91' lang='lat' dir='ltr'>anon.</span> <span class='ocrx_word' id='word_1_120' title='bbox 526 2438 620 2503; x_wconf 85' lang='lat' dir='ltr'>Char.</span> <span class='ocrx_word' id='word_1_121' title='bbox 646 2443 776 2518; x_wconf 79' lang='lat'>267,23:</span> <span class='ocrx_word' id='word_1_122' title='bbox 800 2439 1008 2505; x_wconf 87' lang='lat' dir='ltr'>soloecismus</span> <span class='ocrx_word' id='word_1_123' title='bbox 1031 2445 1166 2503; x_wconf 90' lang='lat' dir='ltr'>estnon</span> <span class='ocrx_word' id='word_1_124' title='bbox 1191 2439 1384 2529; x_wconf 80' lang='lat' dir='ltr'>conveniens</span> 
     </span>
     <span class='ocr_line' id='line_1_21' title="bbox 244 2550 925 2616; baseline 0.001 -2"><span class='ocrx_word' id='word_1_125' title='bbox 244 2551 365 2615; x_wconf 88' lang='lat' dir='ltr'>rationi</span> <span class='ocrx_word' id='word_1_126' title='bbox 388 2551 546 2616; x_wconf 87' lang='lat' dir='ltr'>sermonis</span> <span class='ocrx_word' id='word_1_127' title='bbox 568 2550 740 2616; x_wconf 82' lang='lat' dir='ltr'>verborum</span> <span class='ocrx_word' id='word_1_128' title='bbox 764 2551 925 2616; x_wconf 88' lang='lat' dir='ltr'>iunctura.</span> 
     </span>
    </p>

    <p class='ocr_par' dir='ltr' id='par_1_10' title="bbox 246 2662 1384 2840">
     <span class='ocr_line' id='line_1_22' title="bbox 349 2662 1384 2747; baseline 0.001 -21"><span class='ocrx_word' id='word_1_129' title='bbox 349 2663 453 2726; x_wconf 92' lang='lat' dir='ltr'>Diom.</span> <span class='ocrx_word' id='word_1_130' title='bbox 476 2668 608 2744; x_wconf 80' lang='lat'>453,23:</span> <span class='ocrx_word' id='word_1_131' title='bbox 632 2662 869 2747; x_wconf 86' lang='lat' dir='ltr'>(soloecismus)</span> <span class='ocrx_word' id='word_1_132' title='bbox 892 2669 1028 2727; x_wconf 87' lang='lat' dir='ltr'>estnon</span> <span class='ocrx_word' id='word_1_133' title='bbox 1051 2664 1243 2728; x_wconf 91' lang='lat' dir='ltr'>conveniens</span> <span class='ocrx_word' id='word_1_134' title='bbox 1264 2663 1384 2728; x_wconf 89' lang='lat' dir='ltr'>rationi</span> 
     </span>
     <span class='ocr_line' id='line_1_23' title="bbox 246 2775 781 2840; baseline -0.002 -1"><span class='ocrx_word' id='word_1_135' title='bbox 246 2775 403 2840; x_wconf 91' lang='lat' dir='ltr'>sermonis</span> <span class='ocrx_word' id='word_1_136' title='bbox 425 2775 577 2840; x_wconf 89' lang='lat' dir='ltr'>iunctura</span> <span class='ocrx_word' id='word_1_137' title='bbox 599 2775 781 2840; x_wconf 87' lang='lat' dir='ltr'>verborum.</span> 
     </span>
    </p>

    <p class='ocr_par' dir='ltr' id='par_1_11' title="bbox 242 2886 1385 3871">
     <span class='ocr_line' id='line_1_24' title="bbox 348 2886 1382 2966; baseline -0.002 -14"><span class='ocrx_word' id='word_1_138' title='bbox 348 2887 439 2952; x_wconf 89' lang='lat' dir='ltr'>Haeo</span> <span class='ocrx_word' id='word_1_139' title='bbox 469 2886 602 2952; x_wconf 89' lang='lat' dir='ltr'>obstant</span> <span class='ocrx_word' id='word_1_140' title='bbox 631 2887 843 2953; x_wconf 86' lang='lat' dir='ltr'>Kummrowii</span> <span class='ocrx_word' id='word_1_141' title='bbox 880 2888 1071 2952; x_wconf 88' lang='lat' dir='ltr'>sententiae.</span> <span class='ocrx_word' id='word_1_142' title='bbox 1115 2889 1269 2966; x_wconf 80' lang='lat' dir='ltr'>Quamvis</span> <span class='ocrx_word' id='word_1_143' title='bbox 1297 2887 1382 2951; x_wconf 93' lang='lat' dir='ltr'>enim</span> 
     </span>
     <span class='ocr_line' id='line_1_25' title="bbox 244 2998 1385 3083; baseline 0 -20"><span class='ocrx_word' id='word_1_144' title='bbox 244 3000 411 3065; x_wconf 90' lang='lat' dir='ltr'>Diomedis</span> <span class='ocrx_word' id='word_1_145' title='bbox 440 3000 618 3083; x_wconf 89' lang='lat' dir='ltr'>disputatio</span> <span class='ocrx_word' id='word_1_146' title='bbox 649 2998 815 3065; x_wconf 85' lang='lat' dir='ltr'>simillima</span> <span class='ocrx_word' id='word_1_147' title='bbox 837 3000 881 3064; x_wconf 90' lang='lat' dir='ltr'>sit</span> <span class='ocrx_word' id='word_1_148' title='bbox 902 3000 1099 3078; x_wconf 83' lang='lat' dir='ltr'>Geminiani,</span> <span class='ocrx_word' id='word_1_149' title='bbox 1129 3005 1239 3064; x_wconf 87' lang='lat' dir='ltr'>tamen</span> <span class='ocrx_word' id='word_1_150' title='bbox 1270 3004 1385 3064; x_wconf 82' lang='lat' dir='ltr'>extant</span> 
     </span>
     <span class='ocr_line' id='line_1_26' title="bbox 245 3111 1383 3205; baseline -0.002 -28"><span class='ocrx_word' id='word_1_151' title='bbox 245 3113 396 3196; x_wconf 85' lang='lat' dir='ltr'>anonymi</span> <span class='ocrx_word' id='word_1_152' title='bbox 407 3112 591 3177; x_wconf 83' lang='lat' dir='ltr'>Charisiani</span> <span class='ocrx_word' id='word_1_153' title='bbox 616 3113 762 3196; x_wconf 82' lang='lat' dir='ltr'>vestigia,</span> <span class='ocrx_word' id='word_1_154' title='bbox 785 3113 833 3178; x_wconf 90' lang='lat' dir='ltr'>ita</span> <span class='ocrx_word' id='word_1_155' title='bbox 856 3118 893 3177; x_wconf 89' lang='lat' dir='ltr'>ut</span> <span class='ocrx_word' id='word_1_156' title='bbox 916 3112 1088 3195; x_wconf 84' lang='lat' dir='ltr'>diligenter</span> <span class='ocrx_word' id='word_1_157' title='bbox 1102 3111 1196 3176; x_wconf 90' lang='lat' dir='ltr'>nobis</span> <span class='ocrx_word' id='word_1_158' title='bbox 1217 3112 1383 3205; x_wconf 89' lang='lat' dir='ltr'>inquiren-</span> 
     </span>
     <span class='ocr_line' id='line_1_27' title="bbox 244 3223 1381 3308; baseline 0 -20"><span class='ocrx_word' id='word_1_159' title='bbox 244 3224 321 3289; x_wconf 91' lang='lat' dir='ltr'>dum</span> <span class='ocrx_word' id='word_1_160' title='bbox 357 3226 415 3305; x_wconf 87' lang='lat' dir='ltr'>sit,</span> <span class='ocrx_word' id='word_1_161' title='bbox 461 3225 540 3308; x_wconf 88' lang='lat' dir='ltr'>quid</span> <span class='ocrx_word' id='word_1_162' title='bbox 575 3225 667 3303; x_wconf 87' lang='lat' dir='ltr'>huic,</span> <span class='ocrx_word' id='word_1_163' title='bbox 714 3224 792 3307; x_wconf 90' lang='lat' dir='ltr'>quid</span> <span class='ocrx_word' id='word_1_164' title='bbox 826 3225 890 3304; x_wconf 90' lang='lat' dir='ltr'>illi,</span> <span class='ocrx_word' id='word_1_165' title='bbox 931 3223 1009 3307; x_wconf 89' lang='lat' dir='ltr'>quid</span> <span class='ocrx_word' id='word_1_166' title='bbox 1047 3224 1153 3288; x_wconf 89' lang='lat' dir='ltr'>neutri</span> <span class='ocrx_word' id='word_1_167' title='bbox 1189 3224 1381 3290; x_wconf 89' lang='lat' dir='ltr'>tribuamus.</span> 
     </span>
     <span class='ocr_line' id='line_1_28' title="bbox 245 3334 1382 3419; baseline -0.002 -18"><span class='ocrx_word' id='word_1_168' title='bbox 245 3337 434 3402; x_wconf 88' lang='lat' dir='ltr'>Videbimus</span> <span class='ocrx_word' id='word_1_169' title='bbox 456 3343 565 3402; x_wconf 85' lang='lat' dir='ltr'>autem</span> <span class='ocrx_word' id='word_1_170' title='bbox 582 3337 772 3402; x_wconf 88' lang='lat' dir='ltr'>Diomedem</span> <span class='ocrx_word' id='word_1_171' title='bbox 791 3337 825 3400; x_wconf 91' lang='lat' dir='ltr'>in</span> <span class='ocrx_word' id='word_1_172' title='bbox 848 3357 917 3419; x_wconf 91' lang='lat' dir='ltr'>cap.</span> <span class='ocrx_word' id='word_1_173' title='bbox 940 3335 980 3400; x_wconf 92' lang='lat' dir='ltr'>de</span> <span class='ocrx_word' id='word_1_174' title='bbox 1004 3334 1211 3400; x_wconf 88' lang='lat' dir='ltr'>barbarismo</span> <span class='ocrx_word' id='word_1_175' title='bbox 1235 3343 1382 3401; x_wconf 89' lang='lat' dir='ltr'>secutum</span> 
     </span>
     <span class='ocr_line' id='line_1_29' title="bbox 244 3448 1380 3532; baseline -0.002 -17"><span class='ocrx_word' id='word_1_176' title='bbox 244 3471 315 3516; x_wconf 87' lang='lat' dir='ltr'>esse</span> <span class='ocrx_word' id='word_1_177' title='bbox 339 3450 420 3516; x_wconf 91' lang='lat' dir='ltr'>duos</span> <span class='ocrx_word' id='word_1_178' title='bbox 451 3456 617 3529; x_wconf 85' lang='lat' dir='ltr'>auctores,</span> <span class='ocrx_word' id='word_1_179' title='bbox 649 3471 786 3532; x_wconf 89' lang='lat' dir='ltr'>quorum</span> <span class='ocrx_word' id='word_1_180' title='bbox 813 3449 897 3514; x_wconf 88' lang='lat' dir='ltr'>alter</span> <span class='ocrx_word' id='word_1_181' title='bbox 920 3448 1062 3513; x_wconf 87' lang='lat' dir='ltr'>Scaurus</span> <span class='ocrx_word' id='word_1_182' title='bbox 1086 3455 1142 3514; x_wconf 89' lang='lat' dir='ltr'>est.</span> <span class='ocrx_word' id='word_1_183' title='bbox 1188 3448 1301 3532; x_wconf 88' lang='lat' dir='ltr'>Neque</span> <span class='ocrx_word' id='word_1_184' title='bbox 1323 3450 1380 3513; x_wconf 92' lang='lat' dir='ltr'>mi-</span> 
     </span>
     <span class='ocr_line' id='line_1_30' title="bbox 243 3561 1381 3651; baseline -0.003 -24"><span class='ocrx_word' id='word_1_185' title='bbox 243 3585 304 3627; x_wconf 90' lang='lat' dir='ltr'>nus</span> <span class='ocrx_word' id='word_1_186' title='bbox 328 3562 517 3647; x_wconf 86' lang='lat' dir='ltr'>apparebit,</span> <span class='ocrx_word' id='word_1_187' title='bbox 544 3562 735 3651; x_wconf 89' lang='lat' dir='ltr'>Diomedem</span> <span class='ocrx_word' id='word_1_188' title='bbox 756 3562 838 3627; x_wconf 91' lang='lat' dir='ltr'>duos</span> <span class='ocrx_word' id='word_1_189' title='bbox 861 3561 967 3626; x_wconf 87' lang='lat' dir='ltr'>fontes</span> <span class='ocrx_word' id='word_1_190' title='bbox 989 3567 1136 3625; x_wconf 91' lang='lat' dir='ltr'>secutum</span> <span class='ocrx_word' id='word_1_191' title='bbox 1158 3582 1223 3626; x_wconf 90' lang='lat' dir='ltr'>non</span> <span class='ocrx_word' id='word_1_192' title='bbox 1247 3582 1286 3626; x_wconf 89' lang='lat' dir='ltr'>ea</span> <span class='ocrx_word' id='word_1_193' title='bbox 1310 3568 1381 3626; x_wconf 90' lang='lat' dir='ltr'>arte</span> 
     </span>
     <span class='ocr_line' id='line_1_31' title="bbox 244 3673 1382 3759; baseline -0.002 -20"><span class='ocrx_word' id='word_1_194' title='bbox 244 3697 338 3741; x_wconf 90' lang='lat' dir='ltr'>nsum</span> <span class='ocrx_word' id='word_1_195' title='bbox 357 3695 436 3754; x_wconf 87' lang='lat' dir='ltr'>esse,</span> <span class='ocrx_word' id='word_1_196' title='bbox 461 3679 498 3738; x_wconf 91' lang='lat' dir='ltr'>ut</span> <span class='ocrx_word' id='word_1_197' title='bbox 513 3695 567 3739; x_wconf 87' lang='lat' dir='ltr'>eos</span> <span class='ocrx_word' id='word_1_198' title='bbox 590 3674 762 3758; x_wconf 86' lang='lat' dir='ltr'>diligenter</span> <span class='ocrx_word' id='word_1_199' title='bbox 778 3676 996 3759; x_wconf 77' lang='lat' dir='ltr'>coniungeret.</span> <span class='ocrx_word' id='word_1_200' title='bbox 1037 3676 1139 3738; x_wconf 90' lang='lat' dir='ltr'>Immo</span> <span class='ocrx_word' id='word_1_201' title='bbox 1155 3673 1252 3738; x_wconf 81' lang='lat' dir='ltr'>facile</span> <span class='ocrx_word' id='word_1_202' title='bbox 1274 3674 1382 3755; x_wconf 85' lang='lat' dir='ltr'>singu·</span> 
     </span>
     <span class='ocr_line' id='line_1_32' title="bbox 242 3787 1309 3871; baseline -0.003 -19"><span class='ocrx_word' id='word_1_203' title='bbox 242 3789 348 3853; x_wconf 90' lang='lat' dir='ltr'>lorum</span> <span class='ocrx_word' id='word_1_204' title='bbox 370 3792 408 3851; x_wconf 89' lang='lat' dir='ltr'>ut</span> <span class='ocrx_word' id='word_1_205' title='bbox 429 3787 476 3851; x_wconf 90' lang='lat' dir='ltr'>ita</span> <span class='ocrx_word' id='word_1_206' title='bbox 502 3787 607 3850; x_wconf 90' lang='lat' dir='ltr'>dicam</span> <span class='ocrx_word' id='word_1_207' title='bbox 629 3807 812 3871; x_wconf 88' lang='lat' dir='ltr'>pannorum</span> <span class='ocrx_word' id='word_1_208' title='bbox 835 3794 968 3853; x_wconf 89' lang='lat' dir='ltr'>suturae</span> <span class='ocrx_word' id='word_1_209' title='bbox 990 3787 1141 3871; x_wconf 83' lang='lat' dir='ltr'>cognosci</span> <span class='ocrx_word' id='word_1_210' title='bbox 1164 3790 1309 3870; x_wconf 88' lang='lat' dir='ltr'>possunt.</span> 
     </span>
    </p>

    <p class='ocr_par' dir='ltr' id='par_1_12' title="bbox 242 3897 1386 4321">
     <span class='ocr_line' id='line_1_33' title="bbox 347 3897 1386 3984; baseline -0.001 -20"><span class='ocrx_word' id='word_1_211' title='bbox 347 3900 455 3982; x_wconf 77' lang='lat' dir='ltr'>Atque</span> <span class='ocrx_word' id='word_1_212' title='bbox 473 3899 711 3965; x_wconf 86' lang='lat' dir='ltr'>Kummrowius</span> <span class='ocrx_word' id='word_1_213' title='bbox 732 3902 776 3984; x_wconf 85' lang='lat' dir='ltr'>(p.</span> <span class='ocrx_word' id='word_1_214' title='bbox 802 3905 849 3965; x_wconf 81' lang='lat'>39-</span> <span class='ocrx_word' id='word_1_215' title='bbox 867 3923 939 3965; x_wconf 91' lang='lat' dir='ltr'>ann.</span> <span class='ocrx_word' id='word_1_216' title='bbox 963 3903 1018 3983; x_wconf 81' lang='lat'>63)</span> <span class='ocrx_word' id='word_1_217' title='bbox 1039 3900 1182 3984; x_wconf 90' lang='lat' dir='ltr'>priorem</span> <span class='ocrx_word' id='word_1_218' title='bbox 1202 3899 1318 3982; x_wconf 89' lang='lat' dir='ltr'>capitis</span> <span class='ocrx_word' id='word_1_219' title='bbox 1341 3897 1386 3963; x_wconf 91' lang='lat' dir='ltr'>de.</span> 
     </span>
     <span class='ocr_line' id='line_1_34' title="bbox 242 4010 1380 4096; baseline -0.002 -20"><span class='ocrx_word' id='word_1_220' title='bbox 242 4012 449 4077; x_wconf 90' lang='lat' dir='ltr'>barbarismo</span> <span class='ocrx_word' id='word_1_221' title='bbox 477 4017 605 4096; x_wconf 87' lang='lat' dir='ltr'>partem</span> <span class='ocrx_word' id='word_1_222' title='bbox 635 4012 825 4078; x_wconf 90' lang='lat' dir='ltr'>Diomedem</span> <span class='ocrx_word' id='word_1_223' title='bbox 862 4035 879 4077; x_wconf 88' lang='lat' dir='ltr'>e</span> <span class='ocrx_word' id='word_1_224' title='bbox 910 4013 1088 4077; x_wconf 83' lang='lat' dir='ltr'>Cominiani</span> <span class='ocrx_word' id='word_1_225' title='bbox 1119 4011 1204 4076; x_wconf 88' lang='lat' dir='ltr'>libro</span> <span class='ocrx_word' id='word_1_226' title='bbox 1232 4010 1380 4075; x_wconf 88' lang='lat' dir='ltr'>hausisse</span> 
     </span>
     <span class='ocr_line' id='line_1_35' title="bbox 244 4123 1379 4208; baseline -0.001 -20"><span class='ocrx_word' id='word_1_227' title='bbox 244 4131 370 4204; x_wconf 88' lang='lat' dir='ltr'>censet,</span> <span class='ocrx_word' id='word_1_228' title='bbox 400 4146 497 4208; x_wconf 88' lang='lat' dir='ltr'>quam</span> <span class='ocrx_word' id='word_1_229' title='bbox 529 4125 571 4189; x_wconf 92' lang='lat' dir='ltr'>ad</span> <span class='ocrx_word' id='word_1_230' title='bbox 597 4124 802 4208; x_wconf 88' lang='lat' dir='ltr'>probandam</span> <span class='ocrx_word' id='word_1_231' title='bbox 833 4126 1026 4191; x_wconf 86' lang='lat' dir='ltr'>sententiam</span> <span class='ocrx_word' id='word_1_232' title='bbox 1060 4124 1211 4188; x_wconf 88' lang='lat' dir='ltr'>collatam</span> <span class='ocrx_word' id='word_1_233' title='bbox 1243 4123 1379 4188; x_wconf 88' lang='lat' dir='ltr'>duorum</span> 
     </span>
     <span class='ocr_line' id='line_1_36' title="bbox 244 4234 1379 4321; baseline 0.001 -23"><span class='ocrx_word' id='word_1_234' title='bbox 244 4237 529 4317; x_wconf 76' lang='lat' dir='ltr'>grammaticorum</span> <span class='ocrx_word' id='word_1_235' title='bbox 542 4238 758 4321; x_wconf 65' lang='lat' dir='ltr'>(toral-33</span> <span class='ocrx_word' id='word_1_236' title='bbox 770 4271 814 4292; x_wconf 90' lang='lat'>=</span> <span class='ocrx_word' id='word_1_237' title='bbox 827 4239 1021 4320; x_wconf 64' lang='lat' dir='ltr'>acon-11)</span> <span class='ocrx_word' id='word_1_238' title='bbox 1036 4237 1217 4300; x_wconf 90' lang='lat' dir='ltr'>doctrinam</span> <span class='ocrx_word' id='word_1_239' title='bbox 1230 4234 1379 4300; x_wconf 88' lang='lat' dir='ltr'>sufficere</span> 
     </span>
    </p>
   </div>
   <div class='ocr_carea' id='block_1_3' title="bbox 0 0 1580 4642">
    <p class='ocr_par' dir='ltr' id='par_1_13' title="bbox 0 0 1580 4642">
     <span class='ocr_line' id='line_1_37' title="bbox 0 0 1580 4642; baseline 0 2"><span class='ocrx_word' id='word_1_240' title='bbox 0 0 1580 4642; x_wconf 95' lang='lat' dir='ltr'> </span> 
     </span>
    </p>
   </div>
  </div>
 </body>
</html>
