3150 4642
671 235 888 302 *19-

210 431 392 494 pozeuxeos
424 416 457 474 et
487 410 663 494 syllepseos
686 430 786 492 supra
815 409 1156 487 demonstraverim,
1189 408 1345 491 sequitur,

212 529 249 587 ut
277 523 375 587 etiam
395 522 470 586 ,hae
492 542 510 586 e
531 521 647 586 Scauri
674 520 759 584 libro
789 521 981 603 desumptae
1004 520 1076 583 sint.
1122 520 1215 598 Quod
1238 527 1347 585 autem

212 635 272 699 sub
295 634 390 699 titulo
414 634 454 698 de
477 634 675 717 epanalepsi,
699 633 738 697 de
761 632 867 697 schesi
890 637 1072 710 onomaton,
1094 632 1134 697 de
1156 633 1270 711 hirmo,
1293 632 1347 715 (de

212 747 455 832 polysyndeto),
487 746 527 811 de
555 746 692 831 dialyto,
722 746 762 810 de
781 745 980 829 parhomoeo
1004 745 1123 808 Donati
1145 744 1347 808 definitiones
1456 780 1458 783 ·

214 858 380 924 Diomedis
412 879 477 924 non
511 863 587 923 sunt
623 857 826 941 adscriptae,
867 877 939 920 oum
973 857 1116 939 quinque
1149 856 1347 921 Scaurianae

194 972 300 1055 'apud
328 970 492 1041 Donatum
524 970 676 1049 redeant,
708 969 768 1034 has
798 991 861 1033 non
886 968 1000 1033 Scauri
1032 989 1102 1033 esse
1125 968 1245 1049 elucet3
1274 970 1348 1033 reli·

213 1084 285 1167 quis
307 1088 417 1147 autern
441 1081 683 1147 definitionibus
705 1081 921 1165 interpolator
939 1081 1135 1145 Scaurianas
1158 1081 1345 1163 adscribere

211 1194 403 1279 supersedit,
427 1195 580 1278 quoniam
601 1193 689 1277 apud
707 1193 896 1258 Diomedem
916 1193 1031 1258 Scauri
1051 1193 1152 1258 rerba
1174 1193 1239 1257 iam
1261 1193 1347 1275 lege·

212 1313 333 1372 rentur.
379 1309 450 1386 Qua
483 1308 523 1371 de
552 1307 729 1384 sententia,
760 1328 832 1370 cum
862 1327 882 1368 a
912 1306 1122 1370 llummrowii
1150 1306 1283 1370 recedat
1306 1344 1348 1353 -—

212 1441 323 1484 omues
353 1419 438 1484 enirn
465 1419 586 1484 Donati
615 1418 819 1483 definitiones
848 1416 934 1482 inter
962 1418 1077 1482 Scauri
1099 1417 1282 1500 fragmenta
1303 1420 1346 1501 (p.

216 1540 266 1611 55,
280 1538 310 1612 8,
325 1538 373 1611 10,
388 1536 436 1611 11,
459 1554 489 1615 p.
514 1530 765 1612 56,16,17,18)
787 1531 912 1614 recepit
932 1568 973 1576 -
993 1529 1080 1593 inira
1098 1532 1142 1613 (p.
1166 1533 1221 1613 22)
1244 1529 1348 1595 fusius

216 1666 358 1726 agemus.
922 1670 923 1675 ¹

315 1756 429 1840 Neque
453 1756 549 1821 aliter
577 1754 683 1819 tribus
711 1754 878 1819 Diomedis
909 1755 990 1819 artis
1019 1754 1114 1832 loeis,
1145 1753 1203 1818 ubi
1234 1755 1352 1818 Scauri

212 1889 327 1934 nomen
350 1874 449 1948 extat,
472 1889 524 1932 res
547 1889 581 1932 se
604 1867 726 1932 habere
740 1867 877 1933 videtur.
922 1866 1041 1930 Omnes
1061 1866 1347 1950 interpolationum

212 1984 352 2065 speciem
375 1980 535 2073 praebent
556 1981 622 2044 iam
643 1981 684 2044 iis
703 1979 811 2045 verbis
837 1979 955 2062 quibus
976 1979 1209 2043 adnectuntur:
1234 1982 1348 2057 300,19

213 2098 351 2159 Scauros
388 2098 453 2157 ric:
493 2097 606 2171 300,27
638 2097 756 2156 Scauro
794 2097 916 2155 videtur
946 2101 975 2153 et
1004 2097 1179 2169 appellatio.
1235 2095 1351 2169 403,20

214 2210 353 2270 Scaurus
376 2210 564 2280 tradedirit:
592 2206 663 2283 Qua
688 2204 727 2269 de
751 2223 851 2268 causa
873 2203 1110 2267 Kummrowius
1133 2202 1350 2285 fragmentum

219 2322 256 2381 21
282 2339 345 2382 non
370 2321 460 2381 recte
483 2317 634 2382 definisse
654 2316 793 2381 videtur.
836 2315 919 2379 Nam
942 2320 1069 2380 tantum
1092 2314 1193 2379 verba
1215 2320 1351 2394 „403,20
1377 2344 1379 2349 ¹

215 2435 392 2495 adverbium
415 2441 460 2493 est
482 2469 524 2477 -
546 2435 662 2508 403,26
682 2434 781 2506 finitio
804 2434 938 2492 continet
967 2437 1132 2492 caminara‘
1154 2432 1186 2491 et
1207 2429 1293 2491 inter
1316 2448 1350 2490 se

185 2532 189 2539 ’
216 2542 392 2606 cohaerent
430 2549 464 2607 et
497 2541 663 2607 Diomedis
691 2541 827 2624 propria
856 2539 943 2623 apud
972 2539 1071 2603 alium
1103 2540 1351 2622 grammaticum

213 2674 278 2717 non
306 2660 487 2719 recurrunt.
532 2654 615 2718 Nam
635 2653 711 2717 inde
741 2658 900 2730 140320
934 2656 1081 2717 adverbia
1107 2662 1179 2715 sant
1201 2662 1255 2715 aar
1276 2672 1353 2714 suae

208 2772 372 2844 positionis
402 2788 474 2832 cum
497 2767 676 2831 Conimiani
699 2766 862 2845 doctrina,
894 2765 1067 2828 maximam
1100 2764 1199 2827 etiam
1220 2770 1350 2847 partem

214 2879 360 2962 (18029)
384 2901 456 2944 oum
473 2879 581 2944 uerbis
604 2879 765 2943 consentit
783 2877 972 2956 Diomedes,
995 2877 1042 2939 ita
1064 2881 1102 2939 ut
1125 2875 1207 2939 haec
1229 2875 1352 2939 Scauro

215 3011 279 3054 non
301 2992 367 3055 sint
387 2991 570 3056 tribuenda.

318 3105 408 3182 Quae
431 3125 504 3167 cum
528 3085 575 3166 ita
598 3103 676 3181 sint,
700 3102 843 3184 quinque
865 3099 941 3164 illas
964 3100 1167 3165 definitiones
1191 3100 1352 3164 111111111-

216 3215 365 3299 polatore
395 3236 413 3280 e
443 3215 558 3279 Scauri
597 3220 668 3277 arte
711 3211 841 3276 additas
862 3220 939 3276 'esse
968 3211 1122 3276 ridemus.
1151 3211 1221 3275 *De
1250 3217 1352 3292 sexta,

219 3327 367 3412 asyndeti
386 3327 439 3411 (cf.
464 3348 564 3412 supra
590 3346 664 3410 pag.
690 3326 743 3408 17)
774 3329 898 3389 certum
924 3323 1079 3388 iudicium
1110 3324 1258 3407 proferre
1288 3347 1352 3389 non

217 3441 330 3520 ausim,
354 3439 441 3522 quod
459 3445 569 3504 textus
594 3438 767 3503 uerborum
790 3437 997 3501 uehementer
1020 3442 1192 3520 corruptus
1215 3436 1352 3502 uidetur.

218 3552 311 3616 Hanc
335 3557 444 3616 antem
467 3572 648 3636 proponam
671 3551 866 3615 sententiam
882 3554 970 3614 certe
984 3549 1200 3614 verisimilem.
1247 3549 1352 3614 Etiam

217 3664 305 3747 apud
335 3663 516 3729 Charisium
549 3663 1036 3747 (ο1.11111111(111.1(1201,10)
1064 3668 1189 3727 textum
1223 3663 1352 3725 mutila-

217 3782 286 3840 tum
308 3776 481 3857 babemus3
514 3776 650 3840 similem
677 3775 857 3854 defectum,
892 3796 988 3857 quern
1010 3774 1163 3856 praebuit
1189 3773 1354 3838 Diomedis

218 3888 351 3971 quidam
374 3888 636 3972 archetypus-
660 3888 747 3970 quod
777 3888 908 3970 saepius
939 3887 1063 3950 factum
1093 3886 1159 3948 11111
1186 3888 1354 3967 superiore

219 4001 252 4064 in
276 4002 383 4084 capite
406 4001 607 4065 vidimus-
635 4000 718 4064 alius
741 4000 807 4064 alia
830 4000 1016 4062 coniectura
1039 3996 1201 4079 complere
1220 3997 1354 4062 studuit.

222 4113 273 4176 lta
294 4114 414 4177 nostris
434 4114 467 4176 in
489 4112 656 4177 codicibus
676 4114 800 4195 scripta
814 4117 904 4188 sunt,
927 4130 1011 4192 quae
1029 4109 1152 4173 Keilius
1174 4110 1207 4173 in
1229 4115 1355 4175 textum

219 4226 360 4310 recepit;
394 4225 427 4288 in
459 4225 625 4289 codicibus
658 4230 767 4287 autern
799 4223 918 4286 italicis
950 4221 1015 4285 alia
1045 4220 1146 4285 fuisse
1169 4225 1292 4306 scripta
1315 4246 1355 4287 ex

1112 4326 1149 4373 2*
