3150 4642
653 213 869 274 ..13-

137 469 143 481 ¹
194 390 303 449 autem
327 382 572 449 transformatio
595 382 738 465 figurata
760 383 780 446 i,
798 403 824 446 e.
849 380 1081 446 transformata
1104 380 1155 461 sit,
1178 380 1326 466 equidem
1375 458 1380 471 ὁ

193 496 311 560 nescio.
356 494 427 559 Hoc
447 499 557 561 autem
578 495 678 561 verbo
699 494 808 559 deleto
830 514 883 558 ree
904 496 952 559 ita
974 515 1009 559 se
1030 493 1147 560 habet:
1179 493 1328 560 Donatus

192 608 243 674 vel
265 609 334 673 eius
366 607 438 673 fons
468 629 528 693 pro
556 617 634 685 „ant
654 612 798 675 decoris“
826 607 936 690 posuit
958 616 1123 672 ornaturae
1130 631 1142 683 ;
1161 605 1328 672 Charisius

193 742 232 786 ac
261 720 434 786 Diomedes
467 719 566 786 fontis
596 720 698 786 rerba
727 723 954 800 servaverunt,
990 718 1157 785 Charisius
1188 717 1328 802 denique

192 855 253 919 pro
275 832 374 899 fontis
396 833 505 899 verbis
531 838 786 914 „transformatio
809 839 960 913 quaedam
990 837 1069 896 recti
1090 837 1240 912 solatiqne
1265 853 1329 896 ser·

192 951 288 1011 monis
314 952 347 1010 in
370 952 499 1011 alteram
519 951 672 1026 speeiem‘
702 946 833 1012 brevius
860 967 967 1029 neque
995 944 1175 1029 elegantius
1198 944 1329 1028 scripsit

191 1064 307 1136 „dictio
323 1063 414 1123 aliter
438 1080 527 1139 qnam
542 1063 647 1123 debuit
657 1066 818 1139 figurata‘
853 1058 1056 1125 Vocabulum
1072 1062 1182 1122 autem
1190 1064 1329 1138 figurata

192 1174 226 1237 in
248 1171 415 1237 Diomedis
429 1176 555 1237 textum
579 1171 621 1237 ab
642 1171 877 1256 interpolatore
896 1172 1055 1238 insertum
1074 1192 1145 1236 esse
1166 1171 1231 1236 iam
1253 1170 1329 1235 inde

192 1291 301 1370 patet,
333 1284 421 1369 quod
450 1305 515 1349 non
537 1283 652 1350 eodem
672 1285 759 1365 loco,
792 1305 856 1368 que
880 1284 968 1369 apud
990 1284 1188 1363 Charisium,
1216 1283 1329 1349 sedin

170 1374 173 1383 ,
191 1398 256 1463 fine
280 1398 440 1463 enuntiati
460 1398 603 1482 positum
623 1403 682 1465 est.

297 1512 387 1591 Quae
410 1531 483 1575 cum
503 1510 551 1575 ita
573 1510 647 1589 sint,
670 1509 817 1575 videmus
832 1530 905 1575 eam
926 1510 1012 1575 inter
1033 1515 1101 1574 tres
1120 1508 1329 1592 artigraphos

192 1625 351 1690 interesse
380 1622 557 1702 rationem,
586 1627 624 1687 ut
654 1643 672 1686 e
696 1623 854 1707 primario
884 1622 1026 1706 quodam
1056 1621 1145 1687 fonte
1167 1622 1329 1686 communi

192 1736 357 1820 pendeant
380 1756 476 1818 quem
499 1734 621 1820 optime
650 1735 791 1799 servavit
813 1733 996 1815 Diomedes,
1020 1755 1092 1799 cum
1115 1734 1263 1799 Donatus
1286 1733 1327 1798 ab

193 1848 249 1913 illo
269 1848 456 1932 longissime
478 1847 577 1913 trium
591 1844 864 1933 'artigraphorum
887 1847 982 1913 absit.

297 1960 395 2028 Cuius
425 1961 474 2026 rei
500 1982 601 2026 unum
633 1960 753 2025 addam
786 1960 978 2045 exemplum.
1024 1959 1129 2025 Velim
1152 1960 1236 2024 enim
1260 1959 1329 2023 ani·

193 2096 281 2139 mum
302 2072 466 2139 attendas·
484 2072 527 2138 ad
556 2071 761 2138 definitiones
785 2078 933 2139 ectaseos
959 2071 1095 2158 systoles
1126 2071 1329 2157 synaliphes;

194 2207 332 2270 quarum
354 2185 389 2250 id
410 2190 461 2250 est
481 2185 662 2269 preprium,
693 2191 731 2250 ut
760 2184 963 2250 differentiae
990 2184 1163 2269 specificae
1187 2184 1329 2249 adician-

191 2304 247 2363 tur
265 2298 372 2364 verbis
387 2319 489 2379 „qaae
499 2305 536 2375 sit
547 2305 636 2362 aara‘
653 2297 704 2363 vel
722 2304 889 2375 ,litantem
906 2306 996 2362 cana“
1039 2297 1224 2378 Quaeritur,
1242 2297 1329 2382 quis·

193 2432 268 2476 nam
290 2412 390 2476 trium
413 2409 679 2501 artigraphorum
701 2412 881 2476 communis
901 2409 1000 2476 fontis
1019 2410 1120 2476 rerba
1145 2410 1329 2475 mutaverit.

297 2522 578 2606 Transfiguremus
601 2523 702 2607 igitur
738 2528 806 2588 tres
837 2523 911 2588 illas
935 2523 1102 2589 Diomedis
1125 2521 1330 2588 definitiones

194 2637 228 2700 in
251 2635 390 2701 alteram
412 2635 567 2702 formam:

297 2754 419 2814 Ectasis
449 2759 495 2813 est
523 2753 662 2814 extensio
689 2759 854 2828 correptae
875 2752 1013 2830 syllabae
1041 2758 1150 2813 contra
1179 2752 1330 2812 rationem

188 2883 252 2941 per
273 2866 435 2928 licentiam.

296 2978 415 3056 Systole
437 2984 483 3039 est
504 2979 658 3054 correptio
676 2979 837 3040 contraria
856 2978 952 3039 ectasi
972 2980 1083 3054 lancae
1099 2977 1237 3054 syllabae
1258 2993 1329 3037 can·

196 3097 247 3153 tra
268 3093 420 3152 rationem
441 3091 547 3165 aliqua
569 3090 752 3150 necessitate
772 3096 908 3165 cogente.

296 3203 465 3280 Synaliplle
487 3208 534 3262 est
555 3201 640 3262 elisio
664 3202 797 3260 dnarnrn
818 3202 901 3261 inter
921 3218 955 3261 se
972 3202 1219 3262 concurrentiam
1240 3218 1328 3262 caca-

193 3317 265 3377 linm
287 3316 417 3376 alterins
436 3315 561 3376 cacalis.

297 3423 417 3490 Statim
440 3424 546 3490 elucet
567 3422 694 3508 priores
726 3421 808 3488 duas
831 3421 1035 3489 definitiones
1057 3426 1192 3508 propter
1215 3423 1329 3489 adver·

193 3535 307 3617 biales,
330 3558 412 3620 quas
434 3537 587 3617 dicimus,
614 3535 813 3602 elocutiones
835 3536 964 3603 omnino
987 3557 1051 3603 non
1073 3557 1143 3602 esse
1167 3536 1329 3616 ferendas,

193 3651 326 3715 tertiam
347 3656 483 3735 propter
499 3649 721 3733 genetivorum
737 3649 978 3717 multitudinem
999 3656 1087 3717 certe
1111 3670 1176 3716 non
1198 3650 1328 3733 elegan-

193 3767 269 3827 tem.
313 3764 421 3843 Quare
435 3762 521 3828 hanc
543 3761 584 3827 ob
608 3782 742 3827 causam
761 3762 952 3829 Diomedem
969 3762 1166 3830 definitionis
1181 3761 1329 3840 formam,

195 3874 287 3940 cuius
317 3880 367 3940 est
388 3874 557 3960 proprium
579 3873 672 3939 ‘cum’
702 3874 892 3941 adhibuisse
920 3874 1080 3955 videmus,
1112 3875 1200 3958 quod
1221 3873 1330 3939 emnia

194 3985 293 4051 fontis
313 3986 414 4052 verba
436 3987 664 4071 exscripserit3
686 3987 834 4072 proxime
857 3985 953 4052 abest
974 3986 1158 4069 Charisius,
1180 3986 1328 4050 Donatus

194 4104 305 4164 autem
335 4103 393 4164 aut
420 4100 454 4164 in
481 4099 612 4165 brevius
641 4098 776 4163 iontem
795 4099 923 4183 redegit
952 4104 1011 4164 aut
1030 4099 1185 4180 mutarit,
1217 4098 1265 4163 ita
1292 4103 1330 4163 ut

195 4210 293 4276 aliam
314 4215 348 4276 et
370 4210 553 4276 breviorem
574 4208 771 4276 definitionis
795 4210 933 4277 formam
954 4210 1111 4278 adhibere
1132 4216 1252 4296 posset.
